2904 4928
250 401 285 455 52
499 395 666 452 ORONICA
684 394 856 450 ALBERTI
872 395 924 450 ΒΕ
943 395 1115 454 BDZANIS.

199 586 240 627 aa.
251 573 363 627 Domini
375 571 534 629 M⁰ccV1L
564 572 723 626 Bonifacius
739 572 861 626 marchio
874 572 1067 640 predictus
1083 574 1219 628 occiditur
1232 576 1262 629 in
1274 579 1364 645 prelio,
1447 630 1449 645 ,

251 644 340 698 duos
358 643 438 698 fillics
456 645 619 712 relinquens,
638 643 787 698 scilicet
806 642 984 697 Gullielmum
1003 644 1032 696 in
1044 644 1137 698 Ytalia
1156 649 1185 699 et
1197 647 1365 702 Demetrium

163 738 241 790 1208.
253 733 326 800 apud
345 732 552 786 Thesalonicam
571 748 745 787 successores.
818 718 948 784 Eodem
965 720 1078 784 anno1
1095 721 1361 789 Cremonenses*

172 834 243 883 ‘aaa
253 812 417 893 ceperunt
440 808 667 872 Pontevicum
691 809 733 871 de
757 828 873 872 mense
896 809 1016 871 Madii.

92 913 185 952 asana.
195 913 242 962 aa,
357 891 490 945 Eodem
509 908 580 944 anno
599 891 725 943 dominus
737 889 796 943 Azo
809 890 931 944 Estensis
949 891 1072 945 marchio
1091 892 1180 947 factus
1193 897 1235 947 est
1247 899 1392 963 potestaat

252 962 421 1015 civitatis
433 962 559 1030 Verone;
578 960 613 1014 de
632 960 708 1013 cuius
726 960 830 1014 honore
849 961 996 1015 condolens
1015 963 1167 1017 dominus
1186 963 1316 1019 Dzelinus
1334 967 1366 1020 da

250 1033 376 1087 Romano
392 1031 534 1097 secundus,
552 1048 622 1084 non
639 1033 795 1098 inmemor,
815 1032 888 1099 quod
900 1033 974 1085 idem
985 1034 1107 1087 marchio
1126 1034 1193 1088 fuit
1211 1035 1286 1090 sibi
1305 1054 1366 1091 con·

250 1105 350 1156 trarius
363 1104 390 1156 in
404 1104 477 1156 facto
490 1102 629 1170 Gampreti
647 1102 881 1171 supradicti²,
900 1105 1074 1172 congregatis
1093 1105 1188 1158 amicis
1202 1106 1236 1160 de
1246 1107 1366 1175 Verona,

250 1174 378 1228 Vicentia
398 1178 425 1226 et
442 1174 633 1241 undecumque
651 1173 742 1240 potuit
758 1173 874 1241 aliunde,
893 1174 922 1226 in
934 1179 1029 1228 castro
1042 1174 1189 1229 Montedib
1207 1176 1367 1232 Vincentini

250 1245 388 1298 districtus
406 1245 458 1298 ibi
476 1244 573 1297 habuit
591 1261 721 1313 magnum
739 1245 975 1313 guarnimentum;
995 1249 1022 1298 et
1039 1247 1078 1299 sic
1097 1247 1185 1300 factus
1199 1251 1241 1301 est
1252 1249 1366 1302 insultus
1382 1261 1405 1299 ιο

251 1333 285 1368 ex
308 1316 444 1383 inproviso
468 1314 603 1367 maximus
622 1315 649 1367 in
663 1314 775 1368 Verona
793 1319 889 1368 contra
907 1316 1094 1370 marchionem
1111 1320 1139 1370 et
1157 1322 1254 1372 contra
1274 1336 1365 1373 omnes

250 1385 425 1453 danamassi,
450 1390 478 1440 et
496 1386 535 1438 ita
554 1385 665 1438 demum
683 1390 726 1437 est
751 1387 879 1453 expulsus
898 1385 1082 1440 dominus0
1104 1388 1227 1442 marchio
1257 1389 1292 1442 de
1319 1407 1365 1458 po·

250 1456 361 1510 testaris
379 1456 525 1511 Verona.
575 1456 652 1508 Tunc
680 1455 856 1524 Salinguerra
886 1456 921 1510 de
947 1457 1073 1511 Ferraria
1101 1458 1190 1511 factus
1219 1465 1261 1512 est
1293 1478 1365 1514 cum

251 1528 394 1581 domino
419 1527 537 1581 Ezelino
568 1526 741 1580 manifestus
772 1527 881 1593 amicus,
913 1529 961 1595 qui
990 1546 1075 1597 usque
1105 1529 1199 1583 nunc<l
1220 1529 1366 1585 videbatur

251 1599 332 1651 alicui
350 1598 421 1666 parti
447 1599 546 1653 favere.
590 1597 714 1651 Recessit
743 1614 808 1668 ergo
838 1599 961 1651 marchio
992 1599 1026 1652 de
1053 1599 1163 1653 Verona
1194 1604 1223 1654 et
1252 1601 1303 1655 ivit
1333 1602 1365 1655 ad
1382 1613 1404 1653 rs

249 1668 435 1736 Abachiame,
464 1672 498 1721 et
524 1668 598 1722 facta
625 1668 678 1720 ibi
704 1685 806 1737 magna
833 1671 1045 1738 congregatione
1073 1669 1107 1722 de
1135 1671 1189 1724 suis
1216 1673 1311 1725 amicis
1333 1672 1366 1725 de

249 1738 416 1807 Lonbardia‚
434 1738 561 1792 Marchia
579 1743 607 1791 et
625 1738 849 1793 Romandiola
868 1743 895 1792 et
914 1740 1024 1794 aliunde
1042 1742 1187 1810 sapienter,
1208 1744 1303 1796 statim
1327 1760 1365 1798 se·

250 1811 345 1878 quenti
363 1826 442 1878 anno,
466 1810 614 1862 scilicet
632 1810 667 1862 in
685 1809 859 1878 mecvm,
878 1814 989 1880 gentem
1008 1828 1084 1864 suam
1098 1812 1216 1866 Verona
1235 1813 1366 1867 conduxit

250 1881 278 1933 in
308 1880 469 1950 Bragidam‚
502 1884 529 1933 ct
557 1880 609 1933 ibi
640 1880 779 1934 viriliter
809 1881 911 1933 inimici
942 1899 1004 1935 cum
1034 1882 1151 1936 inimicis
1182 1887 1364 1940 certaverunt.

249 1952 367 2005 Demnm
390 1956 452 2020 post
474 1951 612 2020 sanguinis
635 1950 798 2004 eiussionem
820 1951 959 2019 millitum‚
983 1953 1146 2020 peditum
1173 1958 1201 2008 et
1224 1973 1364 2023 equorum,
1381 1967 1404 2006 20

249 2026 311 2090 post
329 2021 576 2075 consternationem
594 2022 714 2089 plurium
732 2021 808 2074 stetit
826 2022 949 2075 marchio
967 2023 1055 2077 victor
1072 2025 1101 2076 in
1120 2041 1258 2095 campo,
1278 2031 1365 2079 turres

249 2093 345 2145 habuit
363 2096 391 2146 et
409 2092 504 2145 domos
522 2091 713 2144 bellicossusf
731 2109 781 2160 per
799 2093 952 2161 civitatem3
979 2093 1069 2161 ipsum
1093 2111 1203 2163 quoquc
1221 2095 1365 2149 Daelinum

249 2167 314 2216 tunc
331 2162 428 2216 habuit
447 2166 557 2231 captum
577 2165 605 2214 et
623 2162 772 2230 detentum,
796 2181 877 2231 quem
901 2164 1040 2217 curialiter
1058 2169 1085 2218 et
1103 2166 1218 2219 honeste
1236 2167 1366 2220 tractavit

250 2238 284 2286 et
302 2251 364 2286 eum
383 2233 535 2289 honorarit.
565 2231 697 2300 Fecitque
715 2232 775 2286 fieri
793 2235 926 2287 honorem
943 2235 984 2287 illi
1002 2253 1052 2303 per
1066 2236 1178 2289 millites
1190 2240 1220 2290 et
1232 2237 1363 2305 dominas,

250 2303 296 2371 qui
314 2305 358 2356 vel
376 2322 429 2372 que
441 2305 553 2357 fuerunt
564 2303 593 2357 in
606 2303 724 2359 Verona.
756 2305 899 2359 Domum
917 2305 1098 2358 dominum
1110 2306 1256 2361 Dzelinum
1275 2308 1364 2377 ipsum
1380 2319 1404 2359 st

249 2374 372 2426 marchio
390 2375 532 2429 millitibus
550 2373 700 2428 honorifice
718 2376 851 2428 sociatum
870 2375 999 2429 decenter
1017 2377 1133 2430 conduci
1157 2377 1223 2430 fecit
1240 2378 1362 2445 Baxanh

250 2444 309 2511 qui
327 2445 436 2498 millites
454 2445 605 2498 maximum
629 2446 783 2498 honorem&
804 2446 982 2500 habuerunt
1006 2464 1022 2499 a
1047 2447 1203 2501 dominis
1230 2453 1259 2502 et
1277 2449 1363 2503 domi·

142 2514 335 2575 ss.1,10.nabus
354 2518 381 2568 et
400 2516 541 2569 millitibus
558 2516 685 2584 Baxani;
714 2516 828 2569 reverssi
854 2516 864 2568 i
871 2517 972 2586 gitur
997 2517 1109 2571 millites
1136 2518 1304 2573 marchionis
1329 2519 1362 2572 ad

248 2584 347 2652 ipsum,
366 2602 447 2653 quem
464 2585 520 2638 iam
538 2590 597 2639 tota
609 2586 734 2640 Marchia
746 2604 808 2639 cum
824 2604 932 2641 summa
949 2588 1106 2642 reverencia
1124 2589 1239 2643 laudans
1256 2591 1362 2660 magnis

248 2655 383 2722 preconiis
408 2657 564 2725 excolebat3
592 2660 658 2710 tunc
685 2657 768 2725 ipsius
795 2657 868 2710 fama
895 2658 1011 2712 celebris
1039 2658 1256 2713 excolebath
1278 2678 1362 2730 usque
1378 2673 1416 2714 ao.

248 2725 375 2793 Romam,
393 2725 433 2779 ita
451 2744 494 2794 qu
502 2726 544 2780 od
562 2728 621 2797 ipsa
639 2727 717 2781 sedes
728 2733 822 2781 sancta
835 2729 1003 2796 appostolica
1015 2729 1149 2799 dignitate
1161 2747 1234 2784 nova
1246 2732 1361 2800 ipsum

247 2796 491 2850 marchionem
510 2799 597 2851 voluit
619 2797 786 2866 preditarei
814 2803 841 2852 et
860 2800 884 2852 ei
902 2801 1019 2868 gratiam
1038 2800 1100 2853 estk
1120 2801 1229 2871 largita,
1258 2803 1363 2858 scilicet

248 2871 279 2919 ut
306 2867 363 2937 ipse
391 2885 453 2921 cum
482 2869 607 2923 omnibus
634 2870 689 2922 suis
716 2871 915 2924 successoribus
943 2870 977 2923 ab
1005 2870 1057 2925 hoc
1084 2875 1209 2939 tempore
1234 2873 1264 2926 in
1282 2878 1363 2928 antea

246 2936 368 2992 Estensis
387 2942 415 2992 et
426 2939 548 2994 Ancona
566 2940 688 2994 marchio
708 2941 862 3010 appelletur
879 2941 908 2993 in
926 2944 998 2994 statu
1014 2941 1170 2995 delectabili
1188 2946 1217 2996 et
1234 2943 1361 2999 iocunde.

194 3020 236 3059 sa.
247 3007 330 3062 Anno
348 3009 459 3063 Domini
478 3011 703 3080 supradicto,
722 3011 869 3065 scilicet
882 3010 1055 3067 M000VI11.
1087 3012 1184 3081 Sopita
1202 3017 1244 3067 est
1262 3014 1362 3068 seditio
1379 3027 1404 3069 so

106 3089 235 3192 unffi
246 3097 343 3162 regum
362 3080 395 3134 de
414 3081 561 3162 occidentis
579 3082 684 3151 inperio
696 3082 928 3164 concertantium.
966 3081 1050 3165 *llam
1068 3082 1178 3152 Filippo
1202 3084 1232 3137 in
1245 3085 1362 3167 'talarno

195 3151 917 3342 {castrametatassatsat?
934 3153 1363 3296 cessaturam

275 3308 294 3342 n
307 3307 365 3346 em:

441 3363 536 3428 Sufflu
554 3364 686 3418 deterre.
705 3379 756 3416 rec
776 3364 840 3420 Otto.
859 3381 909 3418 aar
926 3371 1002 3417 emat
1019 3364 1166 3431 Adoffual.
1379 3381 1405 3420 so

511 3434 602 3486 Xsam
614 3435 690 3487 dolor
710 3433 768 3486 oto
786 3436 841 3490 titi.
860 3437 962 3502 suspice
979 3437 1040 3501 finit
1057 3437 1102 3490 aa.

103 3512 171 3551 uass.
181 3511 235 3562 opp.
245 3500 348 3555 Fuerat
366 3500 439 3555 enim
457 3501 639 3556 Inocenciusn
661 3521 741 3573 papa,
767 3505 814 3572 qui
839 3505 936 3558 eodem
956 3522 1026 3559 anno
1046 3505 1192 3559 Oellestino
1211 3507 1241 3560 in
1260 3511 1363 3579 papatu

245 3575 418 3641 successerat,
445 3571 555 3642 Filippo
584 3574 752 3628 adversarius
779 3580 893 3644 propter
917 3576 1031 3630 fratrem
1050 3594 1129 3629 suum
1147 3576 1303 3632 Henricum
1323 3579 1362 3632 in·

243 3647 408 3711 pastorem,
436 3643 483 3713 qui
510 3648 605 3698 contra
627 3644 810 3700 Christianam
837 3646 1007 3716 relligionem
1031 3647 1060 3700 in
1084 3664 1171 3717 regno
1190 3647 1301 3703 Scicilie
1321 3666 1362 3702 ar·

244 3713 432 3784 chiepiscopos
456 3717 485 3768 et
508 3715 649 3784 episcopos
673 3717 860 3771 trucidaverat
884 3721 912 3770 et
930 3720 1025 3771 contra
1043 3717 1198 3771 Romanam
1217 3719 1362 3773 ecclesiam
1378 3733 1404 3773 ss

244 3800 351 3852 semper
369 3785 572 3853 tyrampnidem
591 3791 758 3855 exercuerat,
785 3792 899 3856 propter
926 3787 999 3856 qnod
1026 3787 1116 3857 ipsum
1136 3793 1165 3843 et
1182 3789 1248 3843 eius
1267 3807 1362 3845 omnes

349 3963 371 4009 a)
385 3962 475 4002 cremori
490 3974 508 4003 c.
563 3963 586 4015 h)
600 3965 700 4004 Monticli
717 3965 833 4004 aaronem.
888 3963 908 4014 c)
924 3962 954 4005 .d.
971 3977 989 4005 s.
1045 3964 1068 4013 d)
1081 3967 1158 4015 supple
1171 3978 1222 4009 non.
1264 3969 1285 4017 e)
1300 3968 1361 4007 Aba·

243 4014 312 4053 thiam
327 4016 444 4054 Rolandtn.
513 4014 531 4065 t)
551 4017 595 4064 leae
613 4017 738 4056 bellicosas.
809 4020 830 4065 g)
848 4027 890 4066 sec.
905 4019 1007 4057 iecerunt
1021 4020 1082 4058 delet.
1146 4019 1169 4070 h)
1184 4031 1228 4069 pro
1242 4021 1284 4060 hoe
1297 4021 1360 4059 verbo

237 4078 355 4115 perperam
369 4070 457 4117 repetito
471 4070 641 4118 leyepcrvsnit.
682 4070 698 4120 i)
712 4068 960 4118 predotareRolcnds'n.
1001 4071 1026 4122 k)
1040 4072 1240 4122 esteissmprum.
1268 4073 1285 4124 l)
1299 4075 1358 4114 cicc.

242 4121 271 4164 m)
286 4122 317 4159 sic
330 4133 348 4160 c.
359 4132 404 4169 pro
418 4123 470 4161 Xer.
525 4123 548 4172 n)
564 4121 681 4162 Incsncius
696 4133 713 4161 c.
1376 4119 1401 4160 5⁰

350 4281 376 4347 l)
397 4281 568 4335 Assaraco.
582 4283 684 4347 potiris,
702 4281 739 4332 ad
756 4296 831 4348 quem
849 4298 951 4334 annum
968 4283 1033 4335 haec
1049 4284 1121 4338 Ana.
1137 4284 1256 4340 Cremera.
1273 4303 1301 4354 p.
1316 4287 1359 4341 12.

241 4354 307 4400 recte
324 4349 436 4412 samm
455 4350 491 4414 cf.
510 4351 568 4406 Ich.
588 4351 742 4417 musonem
758 4353 831 4407 Aac.
845 4369 876 4419 p.
889 4356 932 4408 34.
1005 4355 1033 4423 2)
1052 4355 1083 4409 P.
1096 4357 1131 4410 46
1141 4371 1178 4422 aq.
