2904 4928
166 443 201 496 46
417 439 584 496 01³0ch
603 439 774 495 ALBltRTI
792 439 843 494 mc
860 439 1033 498 BEZANIS.
1068 437 1070 440 ⁴

168 622 297 700 bardie‚
328 622 502 706 pululavit
525 622 591 688 hoc
615 623 726 701 modo,
757 615 922 688 videlicet
948 598 1051 707 prout
1075 622 1229 688 habetur
1249 624 1285 688 in

41 706 159 798 ³⁰}“td‘b
168 709 322 776 (ironicis
345 711 497 776 marchie
519 710 706 776 Tarvisine.
745 723 846 793 Quod
871 723 943 778 inter
961 726 1065 778 ceteras
1082 709 1182 778 domos
1202 724 1286 779 clares

88 788 95 808 ¹
119 791 126 804 '
168 798 197 848 et
215 794 378 848 excellentes
395 793 549 862 nobillium,
567 810 621 862 que
639 793 751 848 fuerunt
769 798 798 848 et
812 798 875 848 sunt
887 793 916 847 in
928 792 987 863 ipsa
997 793 1119 848 marchia
1133 793 1286 864 Tarvisina,

187 869 284 919 uatuor
301 865 467 932 claruerunt,
485 864 665 918 videlicet
682 882 739 918 una
750 863 885 932 Extende,
904 864 991 918 altera
1009 865 1044 919 de
1062 863 1187 934 Camino,
1206 864 1288 920 tertia

167 883 202 990 de
220 934 355 1003 Romano,
383 938 481 1006 quarta
498 934 533 990 de
552 934 619 989 Cam
640 951 656 988 o
675 934 771 990 Sancti
788 934 873 1004 Petri,
900 935 1018 1004 qualiter
1040 938 1160 990 autem
1178 935 1215 990 he
1233 936 1314 992 due's

166 1005 263 1060 ultime
293 1007 398 1073 domus,
428 1006 579 1061 scilicet
635 1005 835 1060 eRomano
867 1009 901 1059 et
931 1005 973 1060 de
1003 1004 1133 1076 Campo
1160 1005 1304 1063 Sancti

94 1146 97 1151 Ι
167 1077 278 1144 Petri,
308 1078 435 1146 primitus
465 1080 648 1145 certaverunt,
677 1076 774 1130 affines
803 1081 832 1131 et
861 1077 913 1130 sibi
936 1076 1082 1132 attinentes
1110 1077 1145 1130 ad
1168 1077 1286 1133 invicem

165 1148 294 1218 proxima
310 1149 384 1202 linea
401 1148 560 1218 parentelle.
597 1147 670 1202 Nam
688 1147 815 1202 dominus
832 1147 960 1202 Ezelinus
985 1148 1098 1217 primns,
1126 1147 1175 1216 qui
1198 1148 1286 1204 dictus

166 1223 208 1273 est
224 1218 338 1289 Balbus,
365 1218 447 1273 fillius
473 1217 570 1289 primi
594 1217 701 1273 Ezelini
728 1218 762 1273 de
786 1218 920 1287 Honoris,
947 1218 1038 1288 primo
1064 1218 1286 1286 filliamhabuit

155 1291 276 1344 unicam
293 1290 405 1343 nomine
417 1289 556 1357 cuninam,
574 1289 693 1344 secundo
711 1289 810 1344 fillium
828 1290 925 1343 habuit
942 1289 1053 1344 nomine
1066 1288 1221 1359 Ezelinum,
1240 1291 1286 1373 qui
1303 1308 1324 1346 1o

167 1360 289 1415 iactus
316 1359 371 1414 fuit
396 1378 527 1416 monacus
554 1360 584 1414 in
610 1361 709 1415 ultimo
737 1361 792 1415 vite
819 1379 874 1417 sue.
921 1360 1006 1416 Soror
1032 1361 1152 1430 igitur
1180 1360 1286 1417 Ezelrni

166 1431 278 1486 secundi
295 1431 398 1485 tradita
417 1437 458 1485 est
474 1431 652 1500 solempniter
676 1432 704 1485 in
730 1449 843 1486 uxorem
861 1431 1016 1486 domino'l'
1047 1431 1123 1486 olino
1140 1431 1233 1500 primo
1252 1432 1285 1487 de

167 1501 271 1570 Campo
290 1501 385 1557 Sancti
402 1502 487 1570 Petri,
506 1507 535 1556 et
553 1520 587 1556 ex
606 1520 638 1556 ea
655 1503 714 1556 nati
732 1507 795 1556 sunt
812 1503 901 1572 primo
921 1502 1009 1558 Gerar
1028 1519 1068 1570 us,
1086 1501 1209 1558 secundo
1221 1503 1285 1558 'liso

150 1570 297 1641 novellus,
324 1573 377 1626 viri
395 1573 501 1627 nobiles
519 1577 548 1627 et
564 1577 698 1642 potentes.
735 1572 877 1644 Contingit
904 1577 997 1627 autern
1023 1573 1077 1628 hoc
1103 1576 1232 1642 tempore
1248 1577 1285 1628 et

166 1644 391 1713 temporibus
408 1644 700 1713 procedentibus
718 1645 747 1698 in
765 1645 889 1714 partibus
907 1643 1054 1709 Paduanis,
1072 1643 1240 1698 nominatim
1257 1645 1284 1698 iu
1301 1661 1322 1700 ιδ

94 1771 97 1777 ,
166 1715 232 1769 villa
250 1715 285 1769 de
304 1715 436 1769 Albano&
459 1731 516 1769 esse
542 1715 673 1769 nobillem
693 1715 832 1784 quendam*
848 1714 960 1768 nomine
978 1713 1157 1768 Manfredum
1175 1713 1283 1783 Ricum,

166 1787 214 1855 qui
233 1789 292 1840 erat
310 1787 380 1839 altus
399 1789 427 1839 et
444 1790 542 1856 potens
561 1791 592 1840 et
611 1785 759 1839 ditissimus
776 1802 826 1854 pre
844 1786 941 1840 ceteris
953 1783 1079 1838 Marohie
1095 1785 1126 1838 in
1144 1786 1284 1840 montibus

166 1861 195 1912 et
212 1857 241 1910 in
258 1857 350 1926 plano.
387 1855 443 1910 Hic
469 1855 566 1910 filliam
593 1856 689 1910 babuit
710 1857 819 1910 unicam
846 1857 957 1910 nomine
975 1855 1121 1925 Oeciliam;
1151 1873 1208 1925 quo
1238 1856 1284 1911 de·

166 1928 262 1982 functo
282 1945 345 1982 curn
362 1928 455 1996 puella
472 1928 550 1996 quasi
568 1927 690 1981 solitaria
708 1928 890 1996 remansisset,
910 1927 991 1980 etad
1009 1943 1070 1982 earn
1089 1927 1191 1981 amodo
1210 1927 1284 1982 ride·

166 2004 244 2053 retur
260 2003 375 2067 paterna
392 1998 530 2052 hereditas
549 2014 625 2051 esse
644 1998 781 2066 devoluta,
800 1998 926 2066 foretque
942 1997 998 2051 eius
1017 2002 1106 2051 mater
1124 1997 1180 2051 iam
1198 2002 1284 2068 nupta
1299 2015 1322 2054 ao

167 2070 276 2125 cuidam
288 2069 387 2123 nobilli
397 2100 428 2109 —
439 2070 512 2124 unde
521 2073 617 2139 postea
625 2068 730 2137 prodiit
737 2068 829 2137 proles
841 2069 876 2123 de
884 2067 1083 2122 Maltraversiis
1095 2067 1124 2120 in
1133 2066 1233 2122 Padua
1243 2099 1282 2124 -·.

166 2139 307 2210 Quidam
331 2144 442 2194 autem
461 2138 653 2209 Spinadellusb
674 2140 708 2194 de
727 2139 860 2193 Sandrico
885 2140 920 2193 de
939 2139 1044 2192 familia
1061 2138 1119 2192 sive
1137 2139 1173 2192 de
1191 2156 1283 2194 maxe·

165 2211 237 2265 uada
267 2211 357 2266 dicte
387 2211 479 2281 puelle
509 2211 623 2264 accessit
656 2211 691 2263 ad
721 2210 826 2264 dictum
855 2210 1017 2264 dominum0
1049 2209 1216 2282 Tysolinum*
1243 2210 1284 2264 de

167 2281 289 2351 Campo
308 2282 424 2336 Sancti
441 2281 548 2350 Petri,
574 2281 651 2335 cuius
675 2281 763 2334 maior
786 2280 869 2334 fillius
887 2280 1045 2335 Gherardus
1063 2281 1160 2349 pulcer
1177 2281 1284 2335 iuvenis

166 2353 225 2406 sine
243 2369 328 2406 uxore
347 2352 465 2406 ducebat
481 2352 633 2406 honorifice
650 2352 736 2405 vitam
755 2369 839 2420 snam,
863 2355 993 2405 tractans
1015 2351 1088 2406 idem
1107 2351 1284 2421 Spinabellns
1300 2366 1322 2407 2⁶

167 2422 290 2476 dictam
303 2422 462 2476 dominam⁰
474 2423 635 2478 Oeciliam
645 2422 719 2476 dicto
732 2422 846 2476 iuveni
859 2422 968 2476 undere
980 2422 1009 2475 in
1022 2438 1145 2478 uxorem.
1161 2421 1285 2477 Volebat

165 2497 260 2576 tamen
278 2495 444 2577 err-servicio
462 2494 564 2578 habere
589 2511 605 2547 a
630 2493 721 2576 dicto
744 2493 898 2547 domino⁰
915 2492 1187 2577 Tysolino'libras
1205 2494 1283 2578 quin·

166 2565 588 2689 ttfitttsstttttttmt
602 2563 1284 2703 ttblztlltlbtltlttlttt

167 2704 302 2758 domino
327 2704 439 2759 Ezelino
463 2705 560 2773 Balbo,
592 2722 673 2773 quem
703 2705 823 2759 habebat
851 2704 971 2758 amicum
1002 2709 1030 2759 et
1060 2705 1205 2760 dominnm
1234 2723 1284 2777 pre
1300 2722 1323 2762 rc

167 2775 264 2830 ceteris
281 2775 427 2832 kariorem.
463 2775 527 2845 Ipse
544 2792 610 2829 vero
629 2775 699 2829 datis
716 2776 806 2830 verbis
830 2793 951 2846 congrue
973 2775 1156 2845 responsionis
1179 2794 1283 2847 genero

166 2847 303 2973 tt‘tt
321 2847 435 2974 titt
453 2847 650 2972 torrent
664 2847 1217 2973 tittttttffltttffitutt
1232 2866 1285 2974 tt

166 2990 293 3059 pueritia,
315 2991 420 3045 scilicet
436 2990 554 3060 primam
573 2936 733 3043 fio‘ssinffme
750 2989 899 3059 Agnetem,
917 3006 1038 3044 sororem
1056 2989 1162 3043 domini
1179 2989 1285 3064 Azouis

165 3062 249 3130 primi
266 3061 430 3116 marchionis
448 3060 578 3128 Estensis,
598 3059 746 3114 secundam
765 3058 878 3114 autemd
899 3060 1004 3115 domini
1020 3060 1226 3125 Delnmmnie
1249 3060 1284 3116 de
1302 3075 1325 3118 ³⁶

165 3131 270 3202 Padua,
295 3149 312 3185 a
329 3149 383 3200 qua
400 3133 504 3185 solutus
523 3135 582 3184 erat
599 3129 758 3184 celebratof
774 3129 893 3185 divortio
911 3131 1100 3200 solempniter,
1122 3135 1219 3186 tamen
1236 3132 1284 3186 ad·

168 3203 221 3255 huc
246 3203 357 3258 iuvenis.
395 3201 544 3270 Sperabat
568 3202 654 3254 enim
672 3201 800 3254 Ezelinus
825 3218 876 3270 per
899 3203 1282 3258 talem'matrimoniumss

166 3272 268 3326 habere
286 3272 437 3325 dominium
455 3271 484 3324 in
502 3272 625 3339 partibus
641 3271 788 3327 Paduanis.
817 3272 946 3327 Protinus
963 3272 1091 3328 Ezelinus
1108 3274 1285 3342 predictus

168 3343 243 3396 misit
268 3342 399 3395 nuncium
426 3340 461 3394 ad
488 3341 677 3410 Spiuabellum
704 3343 895 3411 predictum
923 3348 955 3398 et
981 3343 1051 3398 datis
1078 3344 1143 3398 sibi
1171 3349 1285 3400 centum

168 3412 246 3466 libris
264 3413 293 3465 in
311 3411 462 3466 continenti
479 3411 573 3466 taliter
590 3412 664 3483 fecit,
691 3413 766 3482 quod
790 3415 995 3469 matrimonium
1020 3417 1192 3469 contractum
1211 3415 1285 3469 fuit
1301 3431 1326 3470 to

168 3484 240 3537 inter
258 3481 400 3536 Ezelinum
418 3482 603 3538 secundum
622 3488 649 3538 et
674 3484 803 3538 dictam
830 3484 969 3555 Oeciliam,
997 3490 1025 3539 et
1051 3485 1285 3540 incontinenti

168 3554 324 3636 ductanest
352 3553 599 3638 Saxanum,·ubi
630 3554 768 3637 fuerunt
798 3558 938 3625 sponsalia
969 3556 1124 3625 celebrata3
1155 3555 1190 3610 de
1221 3548 1315 3627 qna'

64 3625 1078 3766 r.1,2.{utlibetatlttttssttmqtt‘ttteffltt
1106 3628 1285 3754 tw

167 3767 278 3821 minek
305 3767 406 3822 Gecilie
436 3773 510 3821 orta
540 3774 591 3822 est
620 3768 763 3822 maxima
792 3767 962 3823 discordia
992 3770 1081 3823 inter
1106 3767 1327 3825 Ezelinumco

169 3839 208 3891 de
233 3838 383 3893 Romano
411 3843 443 3891 et
469 3839 547 3893 illos
575 3839 610 3893 de
629 3839 733 3907 Campo
752 3838 846 3894 Sancti
864 3840 948 3909 Petri,
973 3840 1104 3908 subrepto
1128 3839 1181 3892 sibi
1205 3844 1285 3895 tanto

168 3909 344 3964 matrimonio
375 3908 571 3967 fraudulenter.
620 3908 762 3980 Contingit
797 3915 889 3965 autem
919 3929 987 3964 una
1022 3911 1100 3965 vice
1129 3909 1286 3978 predictam

168 3981 309 4035 dominam
327 3979 458 4034 (leciliam
476 3980 624 4035 desendere
650 3981 691 4034 ad
715 3984 806 4049 partes
824 3981 968 4035 Paduanas
990 3998 1072 4035 causa
1094 3982 1285 4051 spaciandi,

169 4052 252 4122 quia
276 4052 398 4106 habebat
422 4050 475 4103 ibi
499 4053 632 4106 multas
649 4053 818 4121 posessiones
837 4057 865 4107 et
882 4053 1045 4107 nobilles
1063 4050 1104 4104 de
1121 4053 1285 4110 maxenada

168 4124 376 4193 Intelligens
404 4126 513 4176 autem
540 4123 601 4176 hoc
628 4123 779 4179 Ghirardus
806 4123 979 4193 predictus
1007 4122 1041 4176 de
1065 4122 1170 4192 Campo
1189 4123 1328 4181 Sanctioo

276 4321 297 4369 a)
311 4320 406 4360 Abbano
415 4321 533 4360 Rolcndtn.
575 4321 597 4369 b)
609 4320 639 4359 atr
648 4321 669 4361 h.
680 4321 695 4363 l.
704 4331 731 4371 c,
742 4321 786 4368 lece
795 4318 936 4368 Spinabellus
946 4323 968 4358 ut
977 4318 1038 4366 tarra
1046 4321 1062 4362 l.
1071 4320 1104 4364 2⁵.
1113 4321 1147 4365 39.
1187 4323 1207 4372 c)
1224 4319 1255 4364 ,(1.
1265 4332 1285 4362 0.

169 4370 192 4423 d)
211 4373 287 4421 supple
303 4384 409 4414 sororem.
479 4373 500 4424 e)
518 4374 618 4413 Delesm.
633 4374 726 4416 Rolond.
793 4369 812 4426 t)
829 4383 872 4422 aeq.
888 4371 970 4412 diu'clo
984 4373 1075 4412 deletum
1089 4385 1107 4413 c.
1162 4374 1184 4426 g)
1203 4385 1286 4417 nurum

168 4425 263 4467 Rolano.
318 4426 342 4474 b)
356 4423 469 4466 Ansedisll
482 4427 575 4466 Bolcnd.
630 4425 647 4476 1)
660 4436 703 4476 aeq.
717 4427 790 4476 primo
804 4427 865 4466 delet.
920 4426 944 4476 k)
958 4435 1000 4475 seq.
1017 4426 1086 4477 eol(?)
1100 4427 1162 4470 aaa.
