2904 4928
9 625 76 668 Mart.
83 626 137 674 ΟΜ).

40 1427 137 1531 <titt

57 1585 86 1633 rr.
98 1588 136 1626 177

28 1639 138 1691 (eninr).

147 440 182 493 60
396 432 564 488 GRONIGA
582 430 752 486 ALBERTI
769 430 820 485 Du
838 430 1011 490 BEZANIS.

147 611 246 664 Karoli
263 625 314 678 pro
333 609 476 677 desperato
495 607 636 675 haberent,
659 612 719 661 tum
737 612 851 676 propter
869 607 999 662 Goradini
1017 610 1152 663 exereitus
1171 610 1262 662 multi-

148 683 286 749 tudinem,
311 685 371 734 tum
395 682 508 748 propter
531 679 611 748 regni
629 677 737 732 Scicilie
761 696 833 747 pene
850 679 935 732 totius
952 680 1145 748 rebellionem,
1170 698 1262 749 papa

147 752 314 806 Glamens
339 751 405 803 hoc
430 750 555 803 audito
580 749 700 817 predixit
723 750 751 802 in
769 749 880 817 publico
906 767 1031 803 sermone
1056 750 1157 804 factos
1181 751 1263 805 Ocra-

148 823 255 876 dinum
274 819 424 888 tanquamb
441 820 548 874 fumum
563 820 742 873 transiturum
759 823 787 873 et
799 821 888 888 ipsum
900 820 1060 889 tamquamb
1075 821 1110 874 ad
1122 821 1263 876 victimam

147 893 278 962 Apuliam
298 893 478 959 intraturum;
497 891 570 961 quod
589 895 617 945 et
634 891 675 943 rei
692 891 868 958 postmodum
885 893 1013 960 probavit
1032 896 1152 948 eventus.
1191 893 1263 946 Nam
1279 907 1292 946 5

147 967 209 1032 post
234 965 333 1018 durum
357 966 510 1031 campestre
535 962 637 1016 bellum
656 961 806 1015 Goradinus
829 979 892 1016 cum
917 963 971 1016 suis
996 967 1075 1032 terga
1092 965 1263 1017 vertentibus

147 1052 254 1120 capitur
279 1055 307 1105 et
332 1068 348 1104 a
365 1050 471 1104 Karolo
497 1068 560 1104 cum
579 1037 734 1102 duobus1
754 1051 902 1104 nobillibus
920 1050 1070 1120 decolatur,
1089 1058 1116 1105 et
1135 1068 1263 1105 nomen

148 1123 204 1176 eius
228 1123 322 1191 paucis
342 1122 437 1176 diebus
454 1125 517 1189 post
534 1120 694 1188 tamquamb
717 1121 809 1174 fumus
834 1122 951 1177 evanuit.
1077 1122 1146 1176 Hie
1170 1140 1263 1190 papa

148 1193 311 1248 Olemens
339 1196 463 1246 mortuus
487 1196 527 1246 ast
545 1192 666 1247 Viterbii
691 1195 718 1245 et
741 1192 844 1246 ibidem
870 1197 923 1246 est
949 1193 1069 1260 sepultus
1095 1193 1123 1244 in
1150 1193 1263 1246 ecclesia

147 1283 263 1336 fratrum
276 1281 493 1336 Predicatorum.
576 1268 655 1332 Hiis
670 1269 883 1351 temporibus
899 1269 1102 1333 vacantibus
1118 1269 1263 1333 ecclesia
1281 1295 1305 1334 ιο

147 1362 183 1439 et
214 1359 373 1422 diadema
401 1357 560 1440 inperiali
591 1359 788 1440 pastorum⁰
817 1358 965 1435 interea,
996 1357 1160 1422 videlicet
1191 1387 1262 1424 anno

146 1441 257 1495 Domini
268 1439 449 1507 mecum,
467 1439 622 1494 Lodevicus
639 1457 688 1493 rex
699 1438 815 1493 Frsnoie
834 1439 1071 1494 christianissimus
1087 1471 1121 1480 -
1142 1441 1210 1480 *—⁹
1229 1441 1263 1495 de

146 1511 251 1566 Affrioa
270 1509 472 1580 processeratd,
491 1511 520 1563 in
538 1509 677 1565 Sciciliam
694 1511 806 1567 veniens
825 1514 866 1563 est
884 1510 1060 1566 defuncturo.

253 1599 351 1654 *Anno
375 1599 487 1652 nonni
511 1597 733 1666 moenum,
763 1581 982 1668 [indictiones
1008 1587 1187 1662 X1111013,
1221 1589 1262 1652 de

147 1697 263 1741 mense
281 1670 489 1756 Novembr·⁴]
510 1686 660 1756 Gregorius
678 1686 771 1754 Xulss,
789 1687 900 1742 natione
918 1687 1081 1741 Lonbardus
1099 1687 1133 1741 de
1153 1688 1263 1744 civitate
1281 1699 1305 1739 15

147 1777 289 1832 Placentia
323 1766 359 1828 et
394 1764 521 1828 dieitur
555 1764 598 1828 de
632 1784 757 1848 genere
785 1763 1034 1828 Viceeomitum
1069 1765 1187 1841 tuisse,
1223 1793 1263 1829 ex

146 1875 251 1935 patra
270 1907 384 1922 .....
389 1863 418 1932 h,
446 1864 627 1919 successit
645 1863 825 1919 Clementi
851 1868 980 1932 quarto
1002 1881 1093 1933 pape
1116 1856 1262 1917 vacante

146 1943 289 2027 inperi0,
320 1952 380 2022 qui
405 1952 476 2007 sedit
501 1953 578 2006 annis
601 1952 706 2022 IIIIor,
735 1934 936 2020 [mensibus¹
968 1937 1111 2022 duobus]
1137 1957 1164 2006 et
1189 1953 1215 2008 d.
1235 1953 1263 2006 X

147 2045 188 2098 ab
213 2041 399 2097 electione
418 2058 491 2110 sua,
518 2045 545 2094 et
563 2042 677 2095 cessavit
694 2044 810 2111 papatus
828 2041 924 2096 diebus
943 2040 979 2095 X.
1088 2029 1156 2093 Hic
1181 2028 1262 2093 Gre-

147 2120 262 2255 gorius
286 2118 493 2211 papaprius
516 2117 705 2212 vocabatur
727 2112 910 2195 Tesldusk,
935 2133 969 2183 et
994 2147 1056 2184 cum
1082 2129 1262 2212 essettaflrohi-
1280 2140 1305 2180 so

165 2203 277 2256 iaconus
301 2200 461 2254 Leodrensrs
487 2203 515 2253 ct
539 2199 691 2254 devotronis
718 2218 799 2255 causa
825 2201 919 2255 ivisset
945 2202 1018 2254 ultra
1044 2218 1128 2267 mare,
1157 2201 1261 2254 1b1dem

147 2273 263 2326 existens
289 2272 317 2324 in
341 2271 445 2339 palatio
464 2269 654 2324 Viturbiensil
680 2273 709 2324 in
732 2289 833 2340 papam
855 2288 871 2324 a
889 2272 1072 2325 cardinalibus
1091 2275 1131 2324 est
1151 2272 1261 2326 electus.

145 2359 201 2413 Hic
231 2359 297 2412 fecit
326 2375 409 2412 unam
439 2358 640 2413 ordinationem
668 2347 722 2410 Vm
747 2359 936 2428 episcoporum
971 2359 1149 2413 cardinalium
1180 2377 1262 2428 quam

145 2430 295 2500 plurimum
312 2429 487 2496 laudabilem,
513 2429 560 2499 qui
584 2429 763 2484 honestius11
783 2434 811 2484 et
828 2432 949 2485 valentes
973 2447 1101 2499 personas
1120 2431 1261 2499 asumpsit.

149 2503 280 2588 {Ann00
300 2506 442 2569 Domini
465 2501 791 2587 M⁰OOLXXIIII⁰].
832 2518 887 2572 Hic
912 2519 994 2572 tertio
1019 2517 1194 2587 pontificatus
1220 2519 1262 2572 sui
1280 2529 1305 2569 25

146 2605 217 2642 anno
236 2604 286 2655 pro
306 2587 425 2642 utilitate
442 2589 527 2642 Terre
540 2587 649 2657 Sancte,
667 2605 750 2656 quam
767 2589 946 2657 personaliter
964 2588 1074 2642 visitare
1091 2589 1262 2657 intendebat,

146 2658 276 2728 Lugduni
294 2657 445 2727 sollempne
464 2659 624 2713 cellebravit
643 2659 807 2729 coneillium,
827 2661 855 2712 in
875 2676 928 2727 quo
948 2658 1099 2713 Grecorum
1119 2664 1147 2713 et
1166 2660 1261 2714 Tarta·

145 2746 239 2783 rorum
265 2729 428 2797 sollempnes
452 2728 565 2783 nunciib
588 2729 811 2798 interfuerunt,
837 2729 919 2783 Greci
941 2730 976 2783 ad
994 2730 1128 2784 unitatem
1147 2731 1262 2785 ecclesia

145 2800 235 2854 redire
272 2799 453 2869 remittentes,
471 2799 500 2853 in
519 2800 627 2870 signum
646 2806 721 2855 cuius
739 2801 865 2870 spiritum
884 2805 1008 2854 sanctum
1027 2800 1144 2854 confessi
1163 2805 1263 2854 sunta

144 2875 224 2940 patre
272 2872 353 2941 ioque
371 2871 528 2939 procedere,
546 2872 700 2940 symbolum
713 2871 892 2941 solempniter
909 2871 938 2924 in
951 2871 1066 2926 concilio
1080 2871 1261 2927 decantando.
1282 2893 1305 2933 so

144 2941 263 2997 Nonciib
280 2959 345 2996 vero
364 2943 542 2996 Tartarorum
566 2942 639 2995 infra
657 2943 803 2997 concilium
821 2942 973 3011 baptizatip
991 2942 1026 2995 ad
1043 2942 1156 3010 propria
1173 2942 1262 2996 redic-

144 3017 216 3069 runt.
253 3013 390 3067 Numerus
409 3017 502 3068 autem
519 3014 687 3082 prelatorum
707 3014 752 3081 qui
770 3013 882 3067 fuerunt
899 3014 929 3066 in
947 3013 1063 3067 concilio
1082 3016 1165 3065 sunt
1184 3015 1262 3080 quin-

145 3085 221 3153 genti
247 3084 380 3153 episcopi,
403 3084 457 3138 LX
482 3084 593 3138 abbates
618 3087 647 3137 et
672 3084 729 3137 allii
753 3084 852 3152 prelati
878 3083 950 3138 circa
968 3083 1050 3140 mille.
1158 3083 1215 3136 Hic
1234 3085 1263 3136 in

145 3154 261 3208 concilio
289 3155 377 3208 multa
402 3156 476 3208 bona
503 3155 659 3223 constituit,
686 3154 814 3208 videlicet
838 3171 888 3223 pro
907 3154 1028 3208 subsidio
1048 3154 1133 3208 Terre
1152 3153 1263 3222 Sancte,

144 3259 195 3311 pro
215 3243 347 3296 electione
364 3243 463 3296 summi
478 3241 615 3311 pontificis
627 3247 655 3297 et
666 3258 717 3310 pro
730 3246 802 3296 statu
815 3243 928 3297 ecclesie
940 3243 1113 3311 universalis3
1136 3227 1259 3313 [quod‘1
1282 3256 1305 3297 at

146 3318 330 3382 concilium
355 3319 492 3382 duravit
515 3340 534 3383 a
558 3318 727 3402 principio
746 3319 842 3402 Magi
860 3339 967 3402 usque
988 3319 1031 3383 ad
1052 3319 1261 3402 Augustum.

145 3407 320 3471 Iohannes
339 3406 497 3471 Andreer
516 3407 554 3470 in
572 3406 695 3472 novela
712 3407 741 3470 Ι.
766 3408 804 3472 de
821 3407 941 3472 electe·
963 3401 1098 3490 nemo⁵].
1172 3418 1263 3472 Huius

252 3596 273 3648 a)
288 3597 372 3636 lactum
386 3594 525 3637 cuunradtni
538 3597 628 3640 Martia.
667 3596 691 3648 b)
704 3598 735 3636 stc
748 3598 770 3637 h.
785 3598 801 3636 l.
816 3608 833 3636 e.
875 3595 896 3647 c)
909 3598 942 3636 aie
955 3598 1008 3636 haer
1021 3607 1084 3635 sensu
1097 3607 1150 3636 sanc
1166 3597 1265 3636 ceresaria

145 3651 246 3698 leyuntur
263 3651 286 3688 tn
306 3661 323 3690 r.
339 3651 389 3690 Alb.
405 3652 474 3689 atem
493 3651 560 3689 voluit
578 3655 674 3699 utroque
692 3656 783 3701 pastore
802 3651 909 3700 (rectore),
931 3651 1081 3690 ecclesiastico
1101 3655 1124 3690 et
1143 3651 1263 3701 saeculari,

146 3702 309 3743 deficientibus.
365 3702 658 3755 d)saq.1nsctoiaucezer.
713 3704 841 3756 e)t.176.'
854 3707 922 3742 cacat
967 3703 984 3754 1)
999 3704 1059 3742 uncia
1072 3704 1155 3741 incluso
1170 3704 1196 3741 ab
1212 3705 1263 3743 Alo.
1282 3708 1305 3747 40

146 3765 254 3805 superaer.
319 3760 341 3806 g)
359 3758 383 3796 in
396 3767 479 3805 mora:
493 3757 556 3806 Papa
570 3756 693 3803 Gregoriuc
707 3757 755 3796 xus,
820 3758 844 3808 h)
861 3756 955 3805 spatium
969 3757 1052 3796 nomint
1065 3757 1177 3795 inserendo
1192 3761 1262 3796 vacat.

145 3810 161 3857 i)
175 3819 245 3849 mens.
261 3809 327 3852 duob.
341 3810 365 3848 in
378 3821 449 3859 marg.
464 3809 490 3849 ab
504 3809 554 3849 Alb.
569 3809 641 3856 suppl.
657 3820 705 3848 cum
719 3810 812 3849 Martini
825 3811 871 3850 eod.
882 3810 915 3851 10.
963 3809 987 3860 k)
1002 3807 1125 3860 Gabaldus,
1140 3811 1154 3849 b
1169 3820 1231 3849 eraso
1245 3815 1264 3848 et

146 3862 166 3902 G
180 3862 203 3900 tn
217 3863 235 3901 Τ
249 3866 331 3901 mutato
345 3874 402 3904 corr.
417 3864 520 3903 l'ealdus.
587 3863 604 3914 1)
624 3863 655 3901 stc
669 3862 798 3914 (viturblc'n)
812 3875 830 3904 c.
896 3863 926 3914 m)
941 3863 961 3903 V
975 3864 1025 3902 Ala.
1036 3873 1080 3910 pro
1095 3861 1202 3902 videlicet
1217 3863 1263 3913 (VJ)

144 3914 238 3963 scribsit.
294 3917 316 3965 n)
339 3917 392 3964 quia
405 3917 509 3956 honestas
523 3916 612 3957 Martia.
677 3916 699 3967 o)
718 3916 745 3960 A.
754 3918 783 3958 D.
794 3914 980 3956 M⁰OGLXXIIII⁰
993 3917 1036 3956 alto
1055 3919 1173 3955 atramento
1188 3917 1264 3962 (manu

145 3968 255 4018 Albense)
270 3969 293 4007 ln
307 3980 378 4018 marg.
388 3973 439 4019 post
452 3969 524 4017 suppl.
578 3967 602 4019 p)
616 3968 733 4017 bat-pauc.
785 3969 809 4020 q)
823 3970 883 4008 uncis
896 3970 980 4008 inclusa
994 3970 1037 4009 alto
1052 3973 1171 4008 atramento
1186 3970 1264 4016 (manu
1282 3967 1305 4008 tu

145 4020 255 4071 Alteros)
268 4023 292 4060 tn
306 4034 376 4071 marc.
386 4026 439 4070 post
452 4022 523 4070 suppl.
565 4022 585 4073 r)
600 4022 699 4063 Inane.
741 4023 760 4072 s)
775 4023 803 4062 de
817 4024 882 4062 elect.
892 4023 1058 4073 portusccm'ecr'
1071 4033 1135 4072 quom
1150 4023 1192 4070 leat
1206 4023 1229 4060 in
1245 4034 1263 4062 c.

254 4183 281 4248 1)
303 4182 378 4233 Recte
396 4183 450 4244 εἷος
468 4180 561 4232 multis
579 4180 696 4233 Martia.
767 4184 794 4248 2)
817 4181 903 4234 Omisi
918 4197 985 4248 quae
1003 4182 1142 4233 Martinus
1163 4180 1262 4249 Oppar.

142 4265 171 4314 p.
192 4253 255 4318 474,
281 4252 296 4305 l.
317 4254 426 4308 3—45.
453 4252 537 4306 habet.
681 4253 709 4318 3)
737 4253 771 4306 A.
792 4254 870 4307 1272.
895 4253 951 4304 iam
975 4254 1085 4304 indictio
1109 4252 1174 4306 XV.
1201 4255 1263 4317 fuit.

146 4322 174 4388 4)
201 4324 235 4376 Α.
250 4324 326 4377 1271.
346 4323 415 4390 Sept.
429 4325 453 4379 1.
473 4323 621 4390 Granios
639 4324 732 4376 chaus
748 4330 794 4388 eat,
819 4328 964 4375 coronatus
983 4339 1008 4378 a.
1024 4326 1101 4379 1272.
1120 4324 1204 4378 Mart.
1219 4325 1262 4377 27.

147 4390 175 4460 ὃ)
201 4392 277 4443 Secti
295 4392 397 4448 Deerat.
416 4394 432 4449 l.
451 4394 475 4460 I,
500 4397 540 4448 tit.
554 4396 579 4460 6,
599 4408 620 4448 o.
634 4396 676 4450 15.
1282 4412 1305 4452 50
