2940 4928
396 431 561 488 ORONIOA
580 431 750 487 ALBERTI
769 432 818 486 DE
836 431 1008 489 BEZANIS.
1221 437 1255 491 87

141 619 239 683 dicta
262 618 349 681 turis
373 637 450 681 cum
473 615 542 679 illis
565 615 771 693 hominibus,
795 616 854 699 qui
877 619 977 680 erant
999 617 1036 680 in
1060 617 1154 682 dicta
1176 617 1255 694 turi,
1268 627 1345 680 1317.

141 711 179 773 et
203 706 333 771 dictam
357 705 463 768 turim
486 704 746 769 conbusserunt.
792 704 869 768 Hoc
899 706 1042 770 audiens
1073 707 1254 770 dominusa

141 796 327 872 Poncinus,
353 794 511 858 dominus
535 791 709 868 Cremona,
742 814 819 857 eum
842 796 918 858 tota
941 814 1003 858 sua
1032 797 1136 877 gente
1168 796 1257 877 equi·

140 885 232 950 tavit
256 884 301 947 ad
325 883 453 947 dictam
477 885 604 946 terram
627 882 763 946 obviam
787 883 888 946 dietis
911 883 1074 966 gentibus
1105 884 1257 961 ebriosis,

108 978 178 1038 aet
201 993 265 1056 pro
295 971 417 1036 maiori
447 974 544 1054 parte
574 971 717 1035 fuerunt
747 971 923 1035 interfecti
955 975 990 1036 et
1021 966 1126 1036 aliosb
1154 973 1256 1055 capti,

142 1063 190 1126 sic
216 1061 308 1144 quod
339 1060 375 1123 in
405 1059 467 1123 illa
497 1060 552 1124 die
582 1080 661 1144 pars
685 1058 886 1124 Guelforum
918 1060 1042 1125 habuit
1071 1062 1255 1126 maximum

142 1150 343 1216 conflictum
360 1153 395 1212 et
411 1142 596 1232 dapnumb.
679 1149 770 1213 Item
786 1150 906 1214 eodem
921 1149 1124 1214 millesimo⁰
1145 1151 1258 1214 dictus

142 1240 325 1304 dominusa
345 1237 516 1301 Poncinus
540 1238 582 1301 de
606 1237 821 1302 Ponzonibus
845 1238 900 1302 die
919 1238 1055 1301 XVIII.
1072 1238 1368 1304 Novembrraars.

141 1328 288 1392 intravit
327 1329 476 1391 castrum
515 1325 634 1390 Sancti
668 1327 826 1390 Bassiani
864 1327 1040 1392 districtus
1080 1327 1256 1392 Oremone.

103 1437 128 1477 ro
144 1418 235 1482 Item
267 1416 384 1480 eodem
416 1414 617 1479 millesimoe
651 1416 763 1479 dictus
796 1416 976 1480 dominusa
1007 1417 1180 1481 Poncinus
1209 1418 1257 1480 in·

143 1505 251 1570 travit
280 1508 408 1568 terram
431 1503 581 1567 Polixini
608 1503 726 1568 Sancti
750 1499 844 1567 Viti(l
871 1505 1048 1570 districtus
1080 1505 1256 1583 Cremone,

143 1599 178 1660 et
201 1593 380 1658 interfecti
409 1593 551 1656 fuerunt
581 1594 671 1657 circa
694 1591 750 1656 00
781 1595 936 1658 homines
965 1594 1060 1658 illius
1089 1598 1191 1672 terre,
1222 1599 1257 1659 et

141 1682 214 1747 fuit
244 1682 412 1767 spoliata⁰
444 1681 602 1745 omnibus
632 1682 744 1746 rebus.
799 1682 933 1748 Deinde
963 1687 1152 1766 posuerunt
1182 1705 1257 1749 eam

142 1772 227 1858 igni,
252 1773 288 1836 et
311 1791 388 1834 cum
413 1770 561 1834 maxima
582 1771 727 1835 victoria
749 1792 904 1836 reversus
928 1775 981 1836 est
1000 1771 1212 1837 Cremonam.

98 1886 124 1926 ra
251 1853 374 1924 Annos
407 1880 486 1923 vero
520 1858 813 1923 M⁰OOO⁰XVIIL
849 1861 904 1925 die
939 1864 1062 1943 quarto
1093 1845 1399 1966 Aprfflislffina

143 1949 325 2014 dominus⁸
344 1948 516 2012 Poncinus
544 1950 585 2012 de
609 1949 825 2013 Ponaonibus
849 1970 926 2014 cum
950 1950 1040 2014 alliis
1065 1949 1259 2015 Gubellinis

143 2043 181 2104 et
210 2037 458 2102 Maltraversiis
489 2041 628 2120 propter
660 2045 803 2121 peccata
831 2040 1026 2122 regentium
1055 2039 1259 2103 mirabiliter

144 2127 349 2192 Cremonam
372 2126 525 2202 intravit,
550 2126 699 2209 expulsis
725 2126 796 2190 illis
826 2128 868 2191 de
893 2127 1150 2192 Oavalcabobus
1180 2149 1258 2192 cum

143 2216 306 2280 domino⁸
326 2213 480 2278 Guberto
504 2216 546 2279 de
571 2214 708 2298 Oorigio
732 2219 768 2280 et
791 2236 869 2280 cum
892 2219 969 2280 tota
991 2220 1088 2300 parte
1113 2216 1256 2294 Guelfa3

95 2331 124 2370 ao
143 2307 181 2371 et
204 2305 252 2369 sic
275 2304 337 2367 illa
360 2304 416 2367 die
440 2306 594 2367 mutatus
617 2304 687 2366 fuit
710 2307 822 2368 status
846 2305 997 2369 civitatis
1021 2306 1198 2372 Cremona.

252 2393 353 2457 Anno
384 2393 523 2456 Domini
546 2391 863 2456 innodamur>r
894 2394 1052 2457 eominus
1083 2394 1259 2460 (eubertus
1269 2378 1347 2432 131⁹·

144 2485 188 2547 de
213 2480 349 2565 Oorigio
374 2502 451 2545 cum
475 2481 615 2545 auxillio
640 2484 674 2545 et
697 2481 814 2546 favore
839 2483 989 2546 dominia
1009 2485 1099 2567 regis
1115 2449 1344 2550 Roberffi(⁰⁶'')'

144 2593 224 2637 cum
247 2571 409 2654 gentibus
426 2570 701 2635 Bononiensibus
725 2573 760 2635 et
783 2571 904 2636 Tuscia
928 2573 965 2635 in
988 2574 1127 2638 servitio
1151 2574 1259 2658 partis

143 2659 272 2726 Guelfe
306 2659 414 2723 totius
444 2659 638 2724 Lonbardie
669 2663 704 2724 et
735 2681 813 2724 cum
843 2661 971 2725 auxilio
1002 2663 1106 2727 etiam
1142 2670 1259 2727 sancte

96 2773 125 2815 aa
142 2749 266 2813 matris
285 2747 426 2812 ecclesie
442 2748 566 2812 habuit
582 2749 772 2812 dominium
789 2750 927 2815 Brixie⁸
944 2773 1015 2814 una
1038 2773 1116 2816 cum
1132 2752 1259 2816 vicario

143 2837 233 2904 dicti
256 2837 407 2900 dominia
426 2837 526 2921 regis,
551 2838 610 2918 qui
633 2838 821 2902 vocabatur
845 2839 1024 2903 dominus³
1044 2841 1193 2904 Iohanes
1216 2840 1258 2904 de

143 2925 404 3010 Aquablancha‚
429 2930 464 2989 et
487 2924 607 2989 habito
627 2925 778 2989 dominio
802 2927 894 2990 dicte
918 2929 1068 2991 civitatis
1092 2928 1260 3011 equitavit

144 3017 190 3080 ad
215 3017 364 3080 castrum
382 3012 502 3098 Gayffl,
527 3016 604 3096 post
622 3013 713 3077 VIII
737 3015 808 3078 dies
828 3014 952 3078 habuit
968 3018 1118 3079 castrum
1136 3014 1257 3100 Gaydi‚

145 3104 257 3188 captis
279 3104 316 3167 in
341 3104 458 3168 eodem
484 3104 519 3166 et
541 3102 693 3166 reductis
717 3103 761 3166 ad
789 3123 940 3167 carceres
965 3104 1114 3170 Brissieg
1139 3105 1259 3168 multis

94 3217 124 3258 ao
144 3192 334 3258 nobillibus
365 3194 401 3257 et
430 3190 653 3276 popularibus
683 3192 763 3255 viris
791 3190 1069 3257 Guibellinorum
1093 3194 1257 3258 Brisciess.

144 3283 189 3346 In
213 3282 337 3364 quibus
361 3281 553 3345 carceribus
576 3284 749 3346 steterunt
772 3282 918 3365 predicti
941 3282 1012 3345 VII
1036 3284 1144 3359 annis,
1170 3303 1258 3347 men·

146 3371 241 3436 sibus
262 3371 406 3434 VIIIIor
436 3373 472 3435 et
496 3368 617 3435 diebus
640 3371 702 3434 X2.
793 3371 883 3436 Item
908 3372 1028 3436 eodem
1052 3372 1253 3436 millesim0⁰

146 3461 189 3525 de
225 3479 339 3525 mense
369 3459 576 3523 Novembr.⁸
610 3460 722 3524 dictus
758 3460 937 3524 dominus²
971 3459 1145 3525 Gubertus
1181 3481 1383 3533 cumaena).

147 3549 289 3612 auxillio
313 3548 633 3632 suprascriptorum,
663 3550 781 3613 sancte
812 3548 933 3613 matris
964 3549 1106 3614 ecclesie
1137 3552 1172 3613 et
1203 3549 1258 3613 do·

97 3721 126 3762 ³5
253 3722 274 3772 a)
292 3719 334 3760 .d.
350 3733 368 3760 e.
410 3720 432 3772 b)
447 3723 477 3760 s'w
492 3733 510 3760 c.
552 3720 619 3772 ο)110
634 3733 652 3761 c.
694 3719 717 3772 d)
736 3721 825 3761 s'ciViti
840 3723 946 3769 inmory.
961 3723 988 3760 ab
1002 3722 1052 3760 Ale.
1066 3722 1138 3769 suppl.
1181 3721 1258 3770 e)seq.

146 3785 183 3814 ma
196 3775 257 3813 delet.
317 3775 380 3825 Μ.
395 3775 542 3824 supranfld,
557 3775 612 3813 ah.
628 3797 652 3804 —
667 3775 792 3823 laurera:
806 3775 864 3814 Nota
879 3772 907 3814 de
921 3774 1024 3814 cremon.
1087 3775 1108 3824 g)
1127 3776 1159 3812 sic
1173 3774 1194 3812 h.
1211 3776 1226 3813 l.
1240 3786 1258 3813 c.

254 3918 280 3983 1)
297 3915 342 3969 dia
360 3915 497 3968 dominico
517 3918 541 3972 9.
555 3915 660 3984 Aprilis
677 3917 725 3970 hoc
742 3919 844 3982 factum
862 3931 917 3968 ease
934 3916 993 3971 Iob.
1011 3918 1043 3968 de
1062 3917 1191 3968 Barzano
1210 3916 1227 3970 l.
1240 3917 1258 3971 l.

141 4004 171 4055 p.
194 3989 253 4042 130.
279 3993 302 4039 et
326 3988 459 4052 Superius
483 3987 514 4039 de
540 3987 645 4040 Gazara
671 3989 689 4039 l.
709 3989 726 4043 l.
752 3989 799 4042 col.
819 3991 862 4043 30.
888 3988 1007 4042 tradunt.
1087 3989 1115 4054 2)
1137 3986 1179 4051 Cf.
1202 3987 1258 4042 Iac.

145 4058 254 4112 Malaca.
272 4058 325 4123 IX,
340 4061 383 4123 52,
401 4059 565 4124 (0199289.
655 4059 683 4129 3)
710 4059 761 4112 Die
779 4057 895 4112 Veneris
913 4056 1024 4112 XXIII.
1044 4055 1208 4111 Novembris
1232 4061 1259 4110 et

97 4143 128 4181 (ο
145 4133 227 4182 noete
251 4127 416 4197 precedente
438 4129 485 4181 hoc
503 4131 604 4194 fartum
622 4147 675 4183 aare
691 4133 778 4182 tradit
798 4130 896 4183 Cicron.
916 4129 1009 4184 Parm.
1028 4130 1046 4184 l.
1066 4130 1083 4184 l.
1101 4144 1131 4195 p.
1147 4130 1198 4183 160
1210 4145 1257 4196 aa,

146 4215 256 4267 quocum
280 4204 396 4252 convenit
416 4200 566 4266 Guarinus,
594 4202 727 4255 Chaoniae
751 4204 808 4253 trra
827 4201 981 4252 Placentiae
996 4217 1025 4266 p.
1038 4203 1091 4255 409
1109 4199 1188 4263 (Nov.
1202 4202 1258 4266 23),

146 4287 201 4323 non
212 4272 325 4323 multum
336 4271 430 4335 differt
442 4271 572 4336 Superius
588 4274 619 4325 de
633 4273 739 4324 Gazata
755 4273 801 4327 col.
814 4274 848 4327 31
861 4271 941 4335 (Nou.
954 4274 1017 4332 22);
1035 4271 1092 4324 Iob.
1105 4270 1137 4321 de
1148 4271 1258 4335 Muaaia,

145 4341 294 4405 Muratori,
311 4341 358 4396 SS.
375 4341 456 4407 XVI,
475 4343 521 4396 col.
534 4345 595 4408 492,
615 4351 638 4396 ct
654 4345 711 4398 Iob.
729 4344 871 4410 Apazzari
887 4342 937 4409 (ed.
955 4344 989 4397 A.
1003 4342 1124 4407 Bersera,
1142 4342 1259 4396 Parmae

148 4414 230 4474 1862)
243 4428 273 4479 p.
287 4413 329 4467 88.
348 4413 412 4467 ch.
427 4415 469 4466 24.
503 4414 544 4476 Of.
564 4414 620 4470 Iac.
639 4415 748 4470 Malvec.
765 4415 818 4480 IX,
832 4416 875 4480 53,
895 4415 941 4468 col.
956 4416 1016 4469 993.
