2904 4928
160 427 195 480 82
415 419 581 476 ORONIOA
599 420 770 476 ALBERTI
787 420 837 476 Da
855 419 1026 478 aazANIS.

76 613 153 667 1312.
269 605 352 668 Post
376 605 504 669 dictum
524 605 673 668 civitatis
689 603 856 669 Oremone
876 605 1057 669 introitum
1081 607 1126 669 ad
1150 627 1271 690 paucos

164 696 236 758 dies
259 715 328 757 non
344 693 511 758 habentes
528 692 642 757 Guelfi
658 693 873 758 Brixienses⁸
892 694 1150 778 receptaculum
1167 695 1273 758 ullum

162 785 200 846 in
224 783 384 847 districtu
408 782 522 846 Brixie
546 782 766 846 manifestum
790 782 1006 847 intraverunt
1028 784 1141 848 locum
1159 784 1274 848 Sancti

162 872 257 936 Petri
279 872 315 934 in
340 873 465 947 monte,
497 873 532 934 et
562 873 645 935 tunc
668 870 750 934 ville
778 871 1018 936 circumvicine
1041 873 1128 936 dicti
1151 872 1219 936 loci
1243 875 1274 938 et

164 961 424 1025 circumstantes
460 962 623 1043 ceperunt
657 953 857 1023 audactiusb
896 961 978 1043 ipsis
1014 959 1144 1025 Guelfis
1184 962 1302 1026 dictos

162 1049 238 1113 loco
263 1048 479 1132 congregatis
501 1048 654 1112 favorem
677 1051 829 1130 prestare
853 1069 965 1112 rerum
990 1052 1025 1113 et
1043 1070 1274 1132 personarum.

163 1138 214 1200 Ex
229 1158 296 1220 quo
314 1138 398 1201 dicti
414 1136 528 1201 Guelfi
545 1137 587 1200 de
603 1137 778 1200 montibus
791 1137 1101 1202 condesendentes⁰
1116 1159 1275 1222 magnam

163 1247 319 1309 guerram
349 1226 526 1290 faciebant
555 1225 625 1288 illis
656 1225 740 1289 locis
771 1230 805 1289 et
833 1226 934 1302 villis,
970 1247 1036 1309 que
1070 1228 1276 1291 recusabant

161 1316 313 1379 favorem
337 1318 497 1398 prestare.
546 1313 648 1378 Dicto
672 1335 772 1391 anno,
803 1314 965 1379 videlicet
989 1316 1102 1379 circha
1125 1317 1276 1380 medium

133 1440 152 1466 r.
163 1404 288 1467 mensis
318 1403 506 1480 Februarii,
537 1403 754 1467 intraverunt
784 1403 950 1466 Asulaml
981 1407 1016 1468 et
1045 1408 1129 1468 tunc
1161 1405 1276 1470 exules
1294 1430 1320 1468 ro

163 1513 279 1556 omnes
303 1493 347 1556 ad
370 1513 528 1575 guerram
551 1492 746 1556 faciendam
769 1493 844 1574 apti
867 1495 902 1556 et
924 1493 1080 1576 dispositi
1097 1493 1276 1558 civitatum

163 1582 294 1658 Parme,
325 1581 433 1663 Regii,
465 1580 653 1657 Placentia,
685 1581 821 1656 Laudis,
852 1581 972 1646 Creme
997 1586 1032 1645 et
1055 1582 1216 1665 Pergami
1239 1603 1276 1646 ac

162 1671 271 1734 totius
302 1670 468 1734 territorii
499 1669 700 1746 Brixiensis;
735 1669 876 1734 favebat
911 1672 1002 1733 enim
1031 1671 1115 1733 totis
1147 1671 1276 1734 viribus

163 1759 265 1823 dictis
288 1757 419 1822 Guelfis
443 1753 623 1822 dominusd
649 1758 850 1822 Passarinus
879 1758 921 1822 de
945 1759 1157 1835 Bonacorsis‚
1191 1761 1276 1842 capi·

162 1851 285 1911 taneus
309 1851 345 1911 et
373 1847 541 1930 generalis
572 1848 729 1911 dominus
761 1847 910 1911 civitatis
955 1848 1109 1925 Mantua,
1142 1849 1276 1913 occulte
1293 1872 1315 1910 a

162 1939 288 2000 tamen.
325 1936 370 1999 Et
393 1936 455 2000 illo
478 1940 632 2018 tempore
656 1940 861 2018 congregate
884 1955 945 2019 per
968 1940 1173 2000 mercatores
1193 1938 1276 2001 Lon-

162 2025 281 2089 bardie
305 2028 404 2088 erant
427 2045 551 2108 magne
575 2028 610 2088 et
633 2025 740 2088 multe
761 2025 980 2089 mercimonie
997 2025 1128 2089 diverse
1145 2027 1276 2090 condic·

162 2107 286 2177 tionisb
313 2115 350 2176 in
378 2113 517 2177 civitate
541 2113 694 2190 Mantua,
729 2113 883 2177 volentes
913 2114 1058 2177 transire
1089 2114 1133 2176 ad
1161 2118 1277 2197 partes

163 2223 279 2266 omnes
301 2222 418 2266 versus
441 2222 524 2279 sero,
549 2201 681 2265 scilicet
704 2201 948 2279 Mediolanum,
973 2202 1190 2285 Pergamum,
1217 2204 1278 2267 Ou-

164 2311 236 2354 mas
260 2294 335 2368 etc,
361 2295 395 2354 et
418 2291 500 2374 ipsis
524 2289 793 2354 merchatoribus
817 2291 955 2372 prebuit
976 2292 1069 2355 idem
1093 2287 1275 2357 dominusd
1289 2315 1308 2353 a

164 2380 366 2443 Pasarinus⁰
400 2380 597 2443 societatem
628 2400 789 2462 magnam
819 2380 975 2461 gentium
1010 2401 1087 2443 cum
1123 2382 1277 2462 equabus

164 2472 198 2531 et
230 2469 455 2532 conductores
485 2468 655 2532 dictarum
685 2469 980 2532 mercimoniarum
1011 2490 1072 2551 pro
1100 2470 1276 2533 reddendo

165 2556 275 2619 dictos
299 2560 503 2621 mercatores
527 2577 672 2621 securos.
708 2557 892 2620 Intrinseci
908 2559 1024 2621 autem
1040 2557 1145 2622 Asule
1162 2557 1276 2622 Guelfi

165 2647 371 2728 congregato
405 2648 480 2708 toto
510 2665 572 2708 sno
601 2665 698 2728 posse
728 2647 882 2727 gentium
913 2667 974 2728 pro
1004 2647 1215 2729 agrediendo
1243 2649 1276 2710 et

165 2733 363 2796 aufferendo
399 2733 508 2797 dictas
543 2734 780 2798 mercimonias
810 2737 1026 2798 accesserunt
1057 2736 1101 2798 ad
1131 2739 1275 2818 partem,
1293 2751 1319 2792 a

165 2843 348 2905 perquam
372 2823 518 2887 transire
535 2821 708 2886 debebant
731 2823 884 2905 predicte
907 2824 1135 2900 mercimonie,
1159 2817 1274 2888 iustaf

164 2911 335 2994 hospitale
356 2915 516 2975 vocatum
532 2911 702 2988 Lachade,
727 2915 763 2975 et
784 2911 834 2974 ibi
849 2910 963 2976 Guelfi
978 2913 1125 2994 predicti
1149 2912 1277 2996 agressi

164 3001 306 3064 fuerunt
330 3000 439 3064 dictos
463 3002 666 3065 mercatores
690 3003 863 3064 eteorum
888 3002 1185 3065 mercimoniarnm
1202 3022 1276 3066 con·

165 3091 339 3166 ductores3
371 3093 406 3153 et
435 3090 483 3153 sic
507 3090 675 3154 conflictis
698 3089 868 3172 gentibus,
899 3110 964 3171 quc
990 3091 1082 3154 tueri
1105 3090 1277 3154 debebant

164 3198 216 3241 res
241 3178 410 3241 dictorum
435 3182 671 3254 mercatorum,
697 3182 731 3241 et
755 3179 865 3261 captis
888 3178 1006 3241 multis
1030 3179 1276 3243 mercatoribus
1294 3197 1320 3239 sc

165 3269 201 3330 et
235 3259 413 3349 magnamb
452 3260 605 3348 partemb
644 3260 894 3344 bibulcornmb‚
930 3268 1098 3331 conducte
1133 3267 1277 3332 fuerunt

165 3356 237 3436 ipse
267 3355 486 3418 mercimonie
517 3374 594 3417 cum
624 3355 786 3437 plaustris
816 3358 851 3419 et
881 3355 989 3419 bobus
1019 3356 1172 3419 Asulam.
1224 3356 1276 3420 De

165 3463 308 3525 quarum
333 3443 627 3507 mercimoniarum
647 3444 760 3527 precio
785 3444 879 3525 equis
903 3446 938 3508 et
961 3445 1063 3507 armis
1079 3445 1226 3527 predicti
1242 3465 1277 3508 se

166 3533 379 3610 munierunt;
414 3536 498 3595 tnnc
523 3533 587 3596 hoc
617 3533 711 3596 facto
741 3552 898 3615 guerram
929 3553 1089 3615 magnam
1118 3534 1277 3598 fecerunt

79 3635 155 3689 1313.
166 3621 317 3703 undique
340 3622 498 3704 pedester
521 3623 556 3684 et
580 3624 736 3703 equester
759 3624 992 3699 concurentes,
1017 3625 1051 3685 et
1067 3622 1219 3686 finaliter
1240 3623 1277 3685 in
1293 3636 1320 3680 st

48 3705 278 3807 (fffficapite
302 3711 344 3773 de
360 3710 533 3774 mensibus
548 3710 656 3772 XXII
679 3730 797 3792 pacem
822 3713 857 3774 et
881 3711 1096 3774 concordiam
1118 3711 1276 3775 fecerunt

166 3820 244 3864 cum
260 3799 379 3862 multis
395 3798 581 3881 parentelis
594 3797 707 3862 Guelfi
724 3819 800 3862 cum
815 3797 1031 3863 Grhibelinisg
1044 3800 1080 3862 in
1094 3798 1275 3883 Gusiago²‚

166 3888 226 3951 ubi
256 3891 464 3971 congregata
494 3890 567 3951 erat
595 3880 694 3971 parsh
728 3888 917 3951 extrinseca
948 3886 1165 3965 Gueltorum,
1202 3908 1275 3952 con·

272 4080 292 4128 a)
314 4080 336 4116 in
351 4089 435 4127 mara:
448 4079 508 4118 Nota
521 4078 549 4117 de
563 4078 725 4118 Brixiemibus.
787 4076 811 4127 b)
832 4080 863 4116 cic
878 4090 896 4117 c.
958 4081 979 4127 c)
1001 4075 1189 4122 edesendentibus
1204 4080 1275 4117 statim

165 4131 192 4169 ab
206 4131 255 4170 Alb.
270 4142 327 4170 corr.
342 4129 541 4172 condesendentes.
596 4130 619 4181 d)
634 4132 676 4170 .d.
693 4143 711 4170 c.
767 4131 788 4182 e)
802 4133 832 4169 cic
846 4131 867 4170 h.
882 4133 898 4170 l.
912 4143 930 4170 c.
976 4132 993 4181 l)
1008 4134 1023 4169 i.
1039 4142 1056 4170 e.
1071 4131 1141 4170 iuxta.
1197 4132 1219 4183 g)
1232 4141 1273 4180 aeq.
1290 4127 1320 4165 Η

166 4189 214 4236 ater
230 4190 298 4234 prout
311 4186 370 4224 intra
384 4183 471 4225 dicetur
485 4186 546 4224 delet.
601 4185 624 4234 h)
639 4195 684 4234 pax
699 4196 717 4223 c.

272 4327 298 4393 1)
321 4327 369 4396 Cf.¹
381 4327 435 4381 Iac.
450 4328 557 4381 Malaca.
575 4327 626 4394 IX,
639 4329 683 4391 25,
702 4326 719 4381 l.
738 4327 755 4380 l.
774 4327 822 4380 col.
837 4328 888 4381 977
901 4343 938 4393 sq.
993 4327 1020 4393 2)
1040 4325 1084 4390 Cf.
1098 4326 1154 4380 Iac.
1166 4326 1273 4380 Maleae.

165 4396 217 4463 IX,
229 4398 272 4456 25.
285 4399 328 4463 26,
347 4398 363 4452 l.
378 4400 396 4452 l.
415 4400 462 4452 col.
479 4400 530 4453 978
542 4414 579 4465 sq.
588 4414 600 4461 ,·
626 4397 744 4462 odorici,
764 4397 861 4450 ‘Stoura
877 4395 1033 4450 Braeciaae'
1049 4397 1100 4463 VI,
1115 4413 1144 4463 p.
1159 4400 1211 4452 322
1221 4412 1273 4463 sqq.
