2904 4928
200 405 229 461 X
644 402 875 461 PRAEFATIO.

202 586 361 671 euseripta
389 585 614 669 reperirentur,
644 585 674 650 si
697 584 793 668 prior
812 608 896 670 pars
923 586 1077 653 Orouioae
1104 587 1226 653 iuullta
1250 588 1322 653 elili-

200 683 310 759 peuter
332 674 581 758 perquireretur,
612 675 697 757 quod
722 696 771 739 me
793 696 858 740 uou
886 675 999 755 fecisse
1025 682 1131 758 aperte
1156 679 1320 757 profitear.

201 764 292 831 Hiuo
326 764 570 830 oouoludeuclum
600 769 645 828 est
678 763 843 828 Albertum
873 765 1004 829 euudem
1034 764 1169 830 eoelioem
1199 765 1321 830 obroui·

202 874 309 918 eorum
346 851 563 933 antiquorum,
599 851 808 917 aautiueutem
841 852 941 917 Pauli
974 852 1104 918 diacoui
1138 853 1321 918 Historiam

201 941 487 1022 Laupobardorum
510 961 579 1006 oum
600 939 845 1006 Ooutiuuatioue
862 940 1021 1023 Romaua,
1046 942 1210 1025 Auoupmi
1233 943 1354 1008 Vale-s

201 1029 289 1094 siaui
304 1034 433 1112 partem
449 1028 667 1111 posteriorem,
698 1035 843 1111 eaoerpta
866 1050 904 1094 eu
926 1029 1036 1095 Beolae
1063 1029 1224 1096 Obrouioo
1251 1053 1322 1096 oum

206 1117 451 1184 Ooutiuuatioue
481 1139 580 1198 supra
611 1117 712 1198 clieta,
748 1116 966 1199 propinquum
998 1125 1027 1183 et
1048 1118 1245 1184 simillimum
1275 1141 1321 1184 eo-

201 1205 281 1272 diois
310 1205 460 1272 Palatiui
482 1226 566 1288 prae
588 1205 737 1271 mauibus
762 1205 918 1288 babuisse,
942 1227 1031 1289 quem
1055 1230 1076 1272 a
1100 1207 1235 1273 Sioardo
1258 1208 1320 1289 epi-

200 1316 291 1378 seopo
313 1293 505 1378 exscriptum
527 1315 593 1360 esse
615 1294 829 1375 demonstrari
838 1295 858 1359 1.

308 1383 442 1453 Praeter
456 1382 533 1448 baec
542 1376 793 1464 paucissima'lu
813 1382 951 1449 Orouioa
966 1384 1092 1450 Alberti
1106 1384 1319 1467 reperiuntur,
1342 1411 1368 1448 ιο

201 1493 281 1555 quae
303 1493 342 1536 eu
369 1470 507 1537 Orouioa
530 1471 716 1536 breuissima
732 1472 906 1553 'deperdita
935 1508 979 1516 —
1002 1473 1191 1555 poutipleum
1213 1480 1243 1539 et
1263 1473 1320 1538 im-

194 1567 390 1642 peratarum,
414 1567 449 1624 ut
471 1559 585 1642 opiuor
608 1596 648 1604 -
674 1566 818 1643 eaeerpta
841 1582 906 1626 esse
928 1560 1009 1626 satis
1031 1568 1172 1643 apparet,
1196 1561 1233 1626 iu
1256 1583 1321 1643 qua

198 1650 310 1730 proeul
335 1649 430 1714 dubio
454 1648 527 1729 lepit
548 1649 694 1728 fabulam
715 1650 876 1731 oulpatam
907 1650 944 1714 de
967 1671 1049 1731 paee
1079 1650 1197 1716 Veueta
1225 1651 1321 1729 iufra

195 1760 230 1819 p.
256 1744 307 1818 37,
339 1737 360 1801 l.
385 1743 531 1819 31-34,
561 1736 621 1802 illa
651 1739 688 1802 de
718 1737 920 1803 oorouatioue
946 1744 975 1803 et
1000 1738 1320 1805 eaoommuuioatioue

205 1826 328 1892 Ottouis
343 1826 409 1891 IV.
433 1825 636 1908 imperatoris
651 1847 688 1908 p.
705 1832 757 1907 43,
782 1828 802 1890 l.
820 1833 871 1891 29.
891 1833 943 1890 30.
968 1833 997 1892 et
1006 1849 1040 1909 p.
1058 1834 1110 1908 44,
1135 1828 1154 1891 l.
1176 1833 1318 1906 10—14,
1341 1852 1367 1891 a

200 1913 299 1995 alia2,
321 1914 512 1997 praesertim
531 1916 687 1996 quaedam
705 1916 743 1979 cle
757 1914 911 1997 repimiue
924 1915 1122 1997 pontificum,
1146 1937 1250 1980 auuos
1271 1916 1319 1981 iu-

201 2003 401 2068 oaruatiouis
417 2002 628 2085 potissimum,
652 2002 765 2085 quibus
788 2003 887 2068 oreati
909 2003 983 2085 siut,
1007 2003 1174 2086 aliquoties
1200 2026 1238 2068 eu
1260 2003 1320 2070 illa

204 2091 343 2158 Grouioa
362 2113 431 2156 eum
450 2091 662 2174 adsumpsisse
678 2112 785 2156 oeuseo
800 2113 857 2157 ueo
872 2092 987 2173 dubito,
1011 2093 1089 2175 quia
1104 2113 1203 2157 uuum
1219 2093 1320 2158 looum

199 2201 239 2245 ea
266 2179 446 2245 Bouiaouis
475 2179 633 2244 breviario
662 2200 768 2245 rerum
796 2187 956 2262 postorum
982 2180 1170 2263 pontificum
1204 2181 1319 2246 Roma-

200 2270 335 2333 uorum³
344 2270 523 2350 profectum
547 2266 593 2350 (p.
612 2276 640 2350 7,
658 2268 679 2333 l.
697 2275 749 2333 21.
767 2268 826 2351 22)
843 2268 879 2334 iu
895 2291 933 2334 ea
948 2269 1087 2351 leperit4.
1112 2270 1223 2335 Etiam
1238 2290 1319 2351 quae
1340 2296 1367 2333 20

72 2385 76 2391 ·
193 2378 229 2439 p.
247 2363 299 2439 57,
324 2357 344 2422 l.
364 2363 414 2422 11.
442 2363 493 2420 12.
509 2364 539 2422 et
553 2358 573 2421 l.
591 2364 732 2422 30-32.
757 2359 795 2422 (le
815 2356 969 2439 Greporio
985 2357 1054 2422 IX.
1070 2380 1163 2441 papa
1185 2358 1263 2424 licit
1280 2379 1320 2423 eu

199 2445 259 2512 bae
272 2444 409 2511 Grouiea
416 2467 485 2510 eum
492 2444 672 2527 repetivisse
677 2451 755 2527 puto
762 2466 860 2529 ueque
866 2447 953 2512 ultra
964 2452 1104 2529 tempora
1110 2446 1206 2512 buius
1211 2468 1319 2529 papae

199 2555 269 2599 eam
286 2535 473 2615 perductam
490 2533 600 2615 fuisse,
624 2540 778 2616 cumpost
798 2535 875 2600 loeo
893 2535 1000 2599 uullus
1018 2536 1103 2600 loeus
1125 2535 1224 2601 eidem
1245 2535 1318 2600 iure

198 2622 426 2689 adscribeudus
436 2622 474 2687 iu
491 2621 629 2688 Crouioa
638 2621 763 2687 Alberti
776 2621 969 2688 iuoeuiatur.
993 2624 1049 2688 Ea
1063 2624 1120 2690 boe
1131 2624 1226 2690 etiam
1237 2623 1318 2689 libro

198 2799 365 2882 suscriptis
379 2821 444 2864 uou
456 2800 610 2882 loquutur,
627 2799 840 2882 adsumpsisse
850 2800 983 2866 uidetur.
1009 2801 1145 2882 Statuit,
1161 2808 1197 2866 ut
1207 2801 1318 2883 auique

191 2887 343 2970 poutifiei
353 2891 528 2970 adnotaret,
540 2887 596 2953 ubi
607 2895 711 2970 uatus,
724 2888 897 2973 quispater
908 2889 975 2954 eius
986 2889 1108 2972 fuisset,
1121 2911 1181 2972 quo
1190 2889 1317 2956 uomiue

197 2983 433 3060 autepapatum
443 2983 570 3042 uocatus
581 2984 666 3059 osset,
675 2998 755 3060 quae
767 2980 805 3043 de
815 2977 923 3044 multis
928 2978 1144 3060 poutifieibus,
1157 2978 1252 3044 etiam
1264 2978 1317 3042 sui

196 3067 353 3149 temporis,
366 3088 422 3132 uec
431 3066 570 3149 reperire
579 3088 636 3133 ueo
645 3066 817 3148 comperire
823 3066 934 3147 potuit,
945 3065 1059 3149 spatiis
1067 3067 1177 3132 oaeuis
1186 3066 1316 3132 relictis.

305 3155 369 3220 Sea
390 3161 420 3219 et
436 3154 574 3220 libellum
589 3155 783 3236 deperditum
798 3156 893 3219 multo
907 3154 1043 3220 maioris
1051 3155 1152 3238 pretii
1167 3155 1317 3220 Albertus
1336 3180 1364 3218 ³0

196 3242 372 3323 euseripsit,
400 3243 548 3307 Auuales
572 3242 716 3308 oirlelieet
742 3241 973 3325 Cremoueuses,
1004 3243 1118 3326 quibus
1139 3243 1167 3308 ii
1189 3243 1244 3325 qui
1266 3264 1316 3308 eu·

196 3332 304 3396 staut5
327 3330 503 3411 posteriore
532 3337 633 3395 aetate
663 3330 833 3413 conscripti
862 3331 1009 3398 Auuales
1031 3332 1226 3415 propiupui,
1261 3334 1318 3397 sed

197 3418 354 3484 breuiores
386 3419 480 3501 quasi
511 3440 549 3484 eu
579 3418 647 3484 illis
678 3419 815 3503 eaoerpti
844 3441 909 3485 esse
939 3420 1118 3486 oideutar⁴⁶.
1179 3419 1257 3486 Cum
1287 3427 1317 3485 et

197 3506 355 3574 Sioardus
381 3507 418 3573 iu
446 3506 584 3574 Orouiea
612 3530 672 3573 sua
694 3508 841 3574 Auuales
869 3508 1093 3576 Oromoueuses
1114 3508 1182 3575 illis
1204 3509 1315 3591 prori-

195 3616 263 3661 mos
273 3595 475 3678 eusorrpserit
485 3603 577 3679 atque
588 3617 679 3678 saepe
697 3599 804 3663 eadem
819 3597 970 3679 retulerit,
987 3619 1067 3680 puae
1081 3597 1118 3663 iu
1131 3597 1315 3663 Auualibus
1333 3623 1361 3663 ss

303 3807 330 3871 1)
359 3807 401 3861 ‘N.
421 3805 534 3858 Arubto'
553 3805 665 3872 XXVI,
687 3823 716 3873 p.
735 3809 901 3872 475-4813
926 3808 961 3871 of.
981 3808 1029 3863 SS.
1048 3807 1157 3874 XXXI,
1178 3825 1208 3875 p.
1228 3809 1264 3863 60
1275 3823 1313 3874 sq.

196 3878 224 3944 2)
241 3877 285 3942 Cf.
300 3894 329 3944 p.
349 3878 429 3944 321.
449 3880 493 3933 31.
518 3881 542 3930 et
564 3894 591 3944 p.
611 3879 654 3944 38,
675 3878 690 3932 t.
710 3880 834 3934 26-28.
859 3883 882 3930 et
905 3896 932 3946 p.
951 3882 995 3944 43,
1014 3881 1031 3934 l.
1051 3881 1094 3934 29.
1114 3882 1156 3934 30.
1176 3883 1200 3932 et
1220 3880 1314 3945 1244,

196 3948 214 4003 l.
234 3950 356 4004 10-14.
376 3951 418 4003 32.
445 3954 469 4000 et
489 3965 519 4016 p.
537 3949 583 4012 48,
601 3964 627 4002 u.
648 3952 672 4003 3.
698 3955 722 4000 et
742 3966 768 4016 p.
788 3951 831 4015 53,
850 3949 866 4003 l.
887 3950 911 4003 6.
1002 3949 1030 4019 3)
1051 3951 1126 4014 Quod
1143 3956 1180 4002 est
1198 3951 1229 4001 iu
1247 3949 1315 4002 libro

195 4025 292 4086 quarto
316 4021 421 4072 Deorett
445 4021 513 4085 eius,
545 4021 578 4073 A.
604 4018 679 4085 Mat,
703 4019 793 4072 Norae
816 4025 928 4087 patrum
952 4020 1121 4073 bibliothecae
1146 4027 1163 4076 t.
1195 4019 1262 4086 VII,
1287 4022 1313 4085 2,

192 4106 220 4157 p.
240 4093 293 4145 229
305 4107 360 4156 sqq.
451 4092 480 4158 4)
509 4091 550 4142 Do
574 4089 623 4142 boo
641 4091 775 4142 breviar-to
792 4092 823 4141 iu
842 4090 962 4142 Orour'or's
980 4092 1100 4145 brevibus
1115 4091 1273 4158 poutr'fioum
1290 4096 1315 4144 et
1333 4109 1360 4148 eo

195 4162 390 4226 imperatorum
406 4164 539 4230 iuscripto
555 4161 613 4212 aido
627 4176 696 4226 quae
708 4163 819 4228 euposm'
836 4160 878 4215 (Ν.
898 4161 1012 4215 Arabio'
1025 4163 1134 4226 XXVI,
1148 4180 1178 4231 p.
1192 4164 1245 4218 529
1257 4177 1311 4230 sqq.

194 4230 335 4298 XXVIII,
349 4249 378 4300 p.
392 4235 443 4287 211
457 4249 495 4300 sq.
577 4229 604 4299 5)
624 4230 671 4286 SS.
685 4231 795 4297 XXXI,
809 4247 838 4298 p.
854 4233 936 4300 lsqq.
1019 4236 1046 4302 6)
1062 4235 1210 4286 Annalium
1222 4233 1314 4299 deper-

194 4300 313 4353 ctttorum
330 4305 462 4370 reliquias
486 4320 519 4356 ea
545 4301 660 4354 Crour'oa
685 4302 791 4353 Albuti
813 4303 933 4356 collectas
950 4320 985 4356 ea
1006 4311 1086 4373 parte
1105 4307 1160 4357 iam
1178 4305 1251 4358 edidi
1268 4304 1311 4358 (Ν.

194 4373 308 4425 Arabio'
327 4375 419 4439 XXV,
434 4391 463 4441 p.
483 4374 643 4435 512-519,
659 4374 793 4440 pleniores
804 4376 914 4441 repetivi
923 4375 971 4430 SS.
989 4376 1099 4452 XXXI,
1114 4377 1311 4444 12184-188.
