2904 4928
371 430 540 487 CRONICA
557 432 727 488 ALBERTI
745 434 795 488 DE
814 434 985 494 BDZANIS.
1200 443 1234 496 51

115 614 146 664 et
163 609 405 700 yconamregiam
424 608 570 677 capientes.
677 609 760 663 Anno
779 610 890 665 Domini
908 611 1103 670 mmmmm.
1133 614 1234 670 Veneti
1244 593 1322 702 ἔξω

117 689 153 750 et
172 687 379 768 Franclgem
398 714 460 750 cum
479 696 667 764 aliquibus
685 699 834 752 baronibus
852 700 950 754 urbem
969 700 1234 772 Constantinopolim
1282 690 1288 702 ⁹

115 789 250 855 ceperunt
282 774 324 838 de
355 793 470 838 mense
502 773 628 856 Aprilli
639 773 659 835 1·
708 785 839 839 Similiter
867 788 1042 841 soldanus
1069 778 1299 846 Sarracenoairr·

114 873 178 910 rum
208 873 272 910 cum
302 856 497 909 innumerabili
527 856 724 909 multitudines
750 861 846 910 contra
870 858 997 926 Yspanos
1028 860 1169 914 confussus
1199 862 1235 915 ad
1244 830 1375 879 MM'OW'

83 927 236 996 spstrism
260 943 338 980 suam
362 926 470 982 reddiit.
516 925 686 980 Murzufluus
714 926 882 996 Alexius,
915 929 962 997 qui
993 946 1021 982 se
1049 931 1234 999 inperatorem
1243 950 1288 990 sse.

113 997 241 1066 putabat,
260 997 334 1067 fugit
351 997 385 1051 ds
403 997 480 1052 urbs.
517 995 618 1050 Alter
635 997 747 1065 quidam
766 997 902 1052 saciusb
921 1000 1094 1054 ascaronibus
1114 1003 1233 1071 eligitur.

114 1067 165 1122 Set
180 1068 309 1122 veniente
327 1067 389 1121 luce
406 1085 422 1120 a
438 1066 544 1120 Latinis
561 1067 748 1122 Balachernae
766 1073 794 1123 et
809 1068 1016 1123 Buchaleonum
1034 1072 1137 1139 palatia
1153 1089 1234 1127 occu-

112 1143 224 1208 pantur.
256 1137 329 1208 Quid
346 1136 466 1207 plurari
484 1137 636 1191 Grecorum
648 1143 739 1208 strage
753 1138 817 1192 data
828 1141 978 1194 multorum
991 1158 1057 1211 gens
1069 1142 1233 1197 Latinorum

113 1226 213 1280 urbem
232 1224 536 1294 Constantinopolim
561 1225 590 1278 in
608 1243 702 1280 mense
719 1224 822 1294 Aprilli
844 1228 989 1281 victoriose
1014 1230 1141 1297 optinuit.
1186 1220 1232 1282 Εἰ]

68 1323 95 1362 ιο
114 1303 236 1367 eodem
275 1322 366 1365 anuo
404 1301 498 1366 ultra
531 1303 569 1364 M
607 1304 649 1366 de
688 1302 884 1367 hominibus
920 1304 1227 1371 Cremonensibus⁰

112 1391 253 1455 iverunt
277 1388 615 1473 Constantinopolim
650 1411 753 1454 causa
786 1394 913 1455 terram
943 1394 1116 1457 retinendi
1125 1395 1147 1456 ⁹.
1184 1407 1231 1461 Ad
1241 1424 1284 1468 ssa.

112 1473 165 1527 hec
182 1473 301 1527 barones
318 1473 490 1540 Baldoynum
516 1473 645 1526 comitem
662 1472 791 1527 Flandrie
815 1474 844 1526 in
869 1474 1053 1543 inperatorem
1075 1476 1231 1532 diademate

112 1546 296 1612 coronarnnt;
323 1543 400 1597 cuins
425 1543 580 1612 captionem
599 1544 682 1597 etiam
700 1548 763 1612 post
780 1545 913 1598 multos
931 1545 989 1599 dies
1006 1547 1166 1615 pluriquee
1189 1549 1372 1614 in·srars.o1›p.

112 1614 174 1668 cole
192 1614 348 1668 civitatum
365 1613 423 1666 utf
439 1614 588 1668 credebant
605 1617 676 1667 tam
693 1619 807 1684 propter
823 1615 939 1669 civitatis
954 1616 1152 1687 fortitudinem,
1170 1623 1231 1672 tum

65 1703 93 1742 is
110 1689 228 1754 propter
255 1685 395 1753 antiquam
417 1685 597 1754 prophetiam.
634 1685 882 1753 Prophanatuma
906 1687 1040 1755 siquidem
1064 1693 1132 1757 erat,
1157 1690 1231 1758 quod

112 1755 253 1810 debebat
271 1772 303 1809 ca
323 1756 333 1808 i
350 1772 400 1824 per
418 1757 555 1825 angelum,
575 1758 603 1808 et
621 1756 660 1808 ita
675 1773 735 1809 eam
753 1773 859 1824 posse
875 1757 937 1825 capi
953 1775 1003 1826 per
1019 1758 1159 1813 hominem
1175 1777 1231 1814 non

111 1826 271 1884 credebant.
339 1830 352 1879 t
363 1826 486 1880 hostibus
498 1843 548 1895 per
560 1843 691 1895 murrum,
710 1826 758 1879 nbi
771 1828 884 1896 angelus
896 1828 986 1898 pictus
1004 1833 1072 1898 erat,
1091 1830 1231 1884 civitatem

110 1896 279 1950 intrantibus
291 1913 319 1950 se
331 1896 461 1965 deceptos
473 1895 582 1950 incoleh
597 1914 648 1965 per
661 1896 899 1964 equivocacionem
912 1899 1002 1969 angeli
1015 1905 1203 1970 cognoverunt
1211 1902 1229 1958 ³.

111 1965 279 2021 Venetisi
299 1966 529 2021 conniventibusk
543 1968 679 2036 inperium
697 1968 847 2024 sortientes.
884 1968 957 2022 Num
976 1974 1073 2038 quarta
1091 1972 1171 2027 cessit
1189 1973 1282 2028 insta

63 2057 92 2097 ιο
110 2038 250 2107 peratorie
276 2038 420 2105 maiestati,
447 2038 532 2092 trium
559 2042 718 2107 quartarum
745 2038 877 2092 medietas
889 2038 1004 2093 Venetis
1023 2041 1110 2111 cessit,
1139 2046 1230 2096 cetera

109 2107 447 2233 liftinafflul‘t‘tllt
461 2108 1229 2248 {statuistiists{allisistis

110 2267 176 2303 enm
203 2250 295 2318 aliquo
322 2249 405 2303 modo
430 2266 533 2318 posse
561 2250 698 2304 seducere.
742 2249 804 2304 Set
830 2250 934 2305 lumine
960 2251 1081 2320 privatus
1109 2256 1157 2322 est,
1185 2270 1228 2307 re·

110 2319 244 2388 cliensque
270 2321 300 2374 in
326 2321 423 2374 urbem
450 2337 466 2373 a
493 2319 599 2373 Latinis
626 2320 839 2374 misericordiam
868 2321 1023 2390 inpetravit.
1060 2322 1109 2376 Set
1134 2340 1228 2377 rursus

62 2409 91 2450 ro
110 2407 175 2445 cum
191 2390 359 2461 prodicionis
381 2391 524 2446 moliretur
547 2390 659 2444 insidias
683 2392 697 2443 f
702 2408 813 2459 acere,
841 2392 875 2445 de
903 2393 1049 2462 columpna
1066 2392 1152 2448 Tauri
1178 2411 1229 2463 per

109 2461 276 2515 sententiam
294 2461 472 2531 precipitatus
491 2465 539 2517 est.
573 2461 702 2515 Ascharo
722 2479 829 2530 quoque
847 2465 921 2515 trans
939 2463 1119 2531 Lepontemm
1132 2464 1227 2536 fugato

108 2531 205 2586 Latini
222 2531 341 2586 victores
358 2532 416 2586 fere
434 2536 522 2586 totam
540 2532 727 2586 monarchiam
746 2533 897 2588 tenebant.
1005 2533 1113 2589 Eodem
1139 2553 1228 2604 quo-

109 2619 176 2671 qne
195 2619 268 2658 anno
286 2601 369 2658 Greci
388 2603 464 2671 quasi
482 2602 594 2657 excitati
605 2602 711 2657 Latinis
730 2603 848 2672 expulsis
867 2620 895 2657 se
914 2603 943 2656 in
956 2602 1167 2675 Andrinopolim
1185 2623 1228 2661 re·

61 2763 91 2804 ao
107 2689 295 2798 ωδε)
317 2760 389 2798 anno
407 2743 518 2797 Domini
536 2742 663 2800 M⁰ocv,
699 2743 856 2812 Baldoynns
878 2745 1019 2814 inperator
1037 2745 1267 2811 Constantino-m
1279 2765 1324 2808 ιιι,

129 2814 248 2868 olitanus
268 2813 412 2869 Grecosin
424 2814 659 2883 Andrinopolimn
675 2819 854 2886 congregatos
873 2816 987 2872 obsedit.
1019 2816 1067 2871 Set
1086 2818 1222 2872 aBlacis⁰

107 2831 267 2940 forinsecis
294 2888 328 2938 ot
355 2885 528 2956 congregatis
556 2884 685 2939 Cumanis
713 2885 771 2952 ipse
801 2885 942 2952 inperator
971 2903 1034 2939 cum
1064 2888 1227 2954 quibusdam

107 2956 260 3010 baronibus
278 2957 334 3008 suis
352 2961 449 3024 captus
467 2959 508 3009 est
527 2959 555 3009 et
572 2956 688 3023 occisus;
716 2953 852 3007 exercitus
877 2959 969 3009 autem
993 2956 1085 3009 illesus
1103 2974 1226 3011 reversus

109 3030 152 3080 est
176 3026 450 3096 Constantinopolim,
481 3025 527 3080 cui
553 3026 657 3095 prefuit
682 3023 818 3078 Henricus
845 3023 930 3077 frater
957 3025 1128 3094 inperatoris,
1157 3027 1226 3081 duce

59 3096 228 3154 navenatis
255 3097 311 3150 iam
338 3101 457 3151 mortuo.
493 3096 619 3150 Marchio
645 3112 750 3164 quoque
768 3093 928 3147 Bonifacins
946 3093 1106 3148 Montisf
1111 3096 1226 3152 errati

107 3166 139 3221 in
157 3166 339 3222 l'hssslonica
357 3184 373 3221 a
392 3167 487 3221 Grecis
506 3171 533 3222 et
550 3167 642 3220 Blscis
665 3166 753 3219 multa
774 3181 868 3234 passus
896 3169 946 3218 est.
981 3164 1048 3219 Fuit
1073 3166 1126 3220 hoc
1154 3183 1225 3220 anno

109 3236 207 3293 Grecis
225 3237 335 3305 blanda,
362 3237 469 3292 Latinis
495 3237 608 3292 adversa
625 3237 743 3292 fortuna.
852 3236 935 3289 Anno
953 3235 1064 3290 Domini
1082 3236 1225 3295 M⁰CCVL

106 3306 145 3362 In
163 3308 291 3362 orientali
309 3312 337 3362 et
353 3308 383 3361 in
401 3307 565 3363 occidentali
582 3307 688 3376 inperio
707 3310 734 3360 et
753 3305 826 3376 apud
841 3306 1026 3375 Antyochiam
1046 3326 1080 3362 ex
1097 3309 1227 3378 predictis

107 3396 196 3450 causis
226 3395 299 3450 inter
327 3395 466 3465 predictos
496 3400 667 3449 certanturs
697 3397 823 3452 illustres.
967 3384 1098 3450 Eodem
1136 3406 1226 3450 anno
1237 3397 1315 3451 1206.

58 3496 90 3537 so
107 3472 280 3557 palatium
315 3473 469 3537 comunis
505 3472 672 3537 Cremone
706 3472 776 3534 fuit
806 3473 983 3556 inceptum
993 3473 1016 3534 4.
1143 3486 1226 3539 Anno

218 3680 240 3730 s)
262 3690 276 3720 e
295 3689 306 3718 s
327 3690 398 3727 eorm
420 3680 496 3728 cuppis
516 3679 615 3721 veniens.
691 3679 713 3727 b)
735 3679 780 3726 isus
800 3679 890 3726 quidam
910 3676 990 3717 Ascsri
1010 3689 1024 3717 a
1044 3679 1130 3718 civibus
1151 3678 1227 3722 istuis.

107 3734 129 3786 s)
148 3734 181 3773 sic
193 3743 212 3774 c.
268 3729 292 3784 d)
309 3742 375 3782 segue
391 3732 567 3781 interrogationis
584 3741 649 3781 mue
666 3731 728 3770 aliua
745 3731 889 3770 distinctionis
907 3731 992 3779 Quum
1010 3731 1049 3770 hoc
1067 3732 1111 3771 loeo
1128 3731 1227 3780 portium

107 3789 140 3826 ssi
152 3787 177 3826 iss
191 3797 209 3829 c.
264 3787 286 3834 e)
304 3787 396 3825 cremon
409 3797 426 3825 c.
481 3785 499 3833 i)
521 3785 565 3833 iege
583 3783 682 3823 civitatis
700 3794 754 3823 non.
809 3785 830 3832 g)
852 3784 896 3831 legs
914 3784 1103 3832 Prophetizatum.
1158 3784 1182 3832 h)
1202 3785 1227 3823 ln

107 3840 155 3880 telo
168 3850 188 3878 c.
243 3838 262 3890 l)
282 3839 327 3887 iege
340 3839 411 3887 votis;
431 3841 481 3877 aare
494 3839 533 3876 lios
546 3838 633 3876 verbum
646 3837 731 3875 nulium
744 3836 887 3876 distinctionis
899 3837 985 3885 signum
997 3837 1021 3875 in
1034 3848 1052 3878 c.
1105 3837 1128 3886 k)
1145 3838 1173 3884 cf.
1188 3837 1227 3880 SS.

61 3892 90 3933 45
107 3892 198 3942 mr,
208 3902 236 3940 p.
246 3892 294 3940 178,
308 3902 330 3934 n.
338 3891 362 3931 k.
407 3891 424 3943 l)
438 3892 483 3939 lege
496 3890 600 3929 Alexlnm
615 3890 755 3938 tirampnum.
816 3891 845 3938 m)
867 3891 911 3938 iege
925 3889 1078 3938 Ellespontum.
1138 3889 1161 3941 n)
1182 3900 1225 3939 ssq.

108 3946 198 3993 gdelei.
253 3946 275 3992 o)
296 3943 321 3995 ὃς
335 3944 415 3984 ablatis
429 3955 462 3991 ι.)
480 3943 509 3991 cs.
524 3943 562 3982 SS.
577 3943 666 3992 XXXI,
677 3953 703 3991 p.
713 3942 760 3990 179,
775 3953 797 3981 a.
806 3942 827 3981 0.
881 3942 905 3994 p)
920 3943 964 3990 lege
978 3947 1083 3986 certatur.

216 4104 245 4171 1)
265 4101 354 4154 Losa
364 4103 516 4154 Annalium
530 4101 743 4154 Cremonemium
761 4100 958 4168 deperdiiorum
976 4115 1036 4152 cum
1052 4100 1105 4153 loco
1117 4099 1228 4152 Sicordi

109 4176 265 4228 mainarius
289 4178 335 4228 esi.
378 4174 451 4229 Ans.
478 4171 596 4225 cremon.
622 4173 692 4223 enim
716 4174 765 4239 qui
790 4176 905 4236 esmant,
928 4170 976 4225 SS.
1001 4170 1110 4237 XXXI,
1130 4187 1161 4237 p.
1183 4173 1225 4236 11,

110 4244 222 4298 Missa:
245 4241 392 4296 Francieni
417 4246 445 4296 et
462 4241 606 4296 Veniciani
631 4244 763 4309 ceperunt
781 4239 1054 4308 Constantinopolum
1080 4240 1114 4292 de
1132 4257 1226 4293 mense

70 4321 94 4363 io
111 4313 214 4384 Aprilis
238 4319 287 4368 dc.
358 4313 386 4384 2)
413 4314 456 4378 Cf.
474 4315 547 4367 Ans.
567 4313 686 4366 Cromen.
700 4329 730 4379 p.
746 4313 787 4367 11.
859 4313 887 4378 3)
914 4311 984 4363 Loco
1003 4311 1121 4363 Martini
1142 4313 1226 4363 nimia

110 4385 193 4454 iaspis
212 4387 315 4439 inserto
332 4385 405 4437 locres
422 4384 535 4436 sicardi
550 4385 677 4435 dismctm
693 4388 739 4438 est.
799 4385 827 4449 4)
850 4379 892 4446 Cf.
911 4384 983 4438 Aac.
1003 4381 1123 4438 ermon.
1138 4399 1168 4450 p.
1182 4384 1228 4438 11.

1029 4486 1064 4542 4*
