<?xml version="1.0" encoding="UTF-8"?>
<!DOCTYPE html PUBLIC "-//W3C//DTD XHTML 1.0 Transitional//EN"
    "http://www.w3.org/TR/xhtml1/DTD/xhtml1-transitional.dtd">
<html xmlns="http://www.w3.org/1999/xhtml" xml:lang="en" lang="en">
 <head>
  <title>
</title>
<meta http-equiv="Content-Type" content="text/html;charset=utf-8" />
  <meta name='ocr-system' content='tesseract 3.04.00' />
  <meta name='ocr-capabilities' content='ocr_page ocr_carea ocr_par ocr_line ocrx_word'/>
</head>
<body>
  <div class='ocr_page' id='page_1' title='image "albertidebezani00albegoog_0029.png"; bbox 0 0 2904 4928; ppageno 0'>
   <div class='ocr_carea' id='block_1_1' title="bbox 238 431 1105 493">
    <p class='ocr_par' dir='ltr' id='par_1_1' title="bbox 238 431 1105 493">
     <span class='ocr_line' id='line_1_1' title="bbox 238 431 1105 493; baseline -0.005 0"><span class='ocrx_word' id='word_1_1' title='bbox 238 439 255 493; x_wconf 84' lang='lat' dir='ltr'>t</span> <span class='ocrx_word' id='word_1_2' title='bbox 492 431 658 489; x_wconf 81' lang='lat' dir='ltr'>GRONIOA</span> <span class='ocrx_word' id='word_1_3' title='bbox 675 431 847 488; x_wconf 75' lang='lat' dir='ltr'>ALBDRTI</span> <span class='ocrx_word' id='word_1_4' title='bbox 863 431 915 486; x_wconf 83' lang='lat' dir='ltr'>DD</span> <span class='ocrx_word' id='word_1_5' title='bbox 932 431 1105 489; x_wconf 83' lang='lat' dir='ltr'>BDZANIS.</span> 
     </span>
    </p>
   </div>
   <div class='ocr_carea' id='block_1_2' title="bbox 150 609 1363 822">
    <p class='ocr_par' dir='ltr' id='par_1_2' title="bbox 150 609 1363 822">
     <span class='ocr_line' id='line_1_2' title="bbox 150 609 1363 684; baseline 0.005 -22"><span class='ocrx_word' id='word_1_6' title='bbox 150 612 317 683; x_wconf 72' lang='lat' dir='ltr'>aorssrapice</span> <span class='ocrx_word' id='word_1_7' title='bbox 344 611 441 682; x_wconf 88' lang='lat' dir='ltr'>capitis</span> <span class='ocrx_word' id='word_1_8' title='bbox 466 609 594 679; x_wconf 91' lang='lat' dir='ltr'>rotundo,</span> <span class='ocrx_word' id='word_1_9' title='bbox 621 611 730 664; x_wconf 89' lang='lat' dir='ltr'>occulos</span> <span class='ocrx_word' id='word_1_10' title='bbox 757 626 845 663; x_wconf 90' lang='lat' dir='ltr'>suos</span> <span class='ocrx_word' id='word_1_11' title='bbox 868 609 966 664; x_wconf 80' lang='lat' dir='ltr'><strong>habuit</strong></span> <span class='ocrx_word' id='word_1_12' title='bbox 989 610 1156 680; x_wconf 80' lang='lat' dir='ltr'><strong>pregrandes</strong></span> <span class='ocrx_word' id='word_1_13' title='bbox 1182 615 1210 665; x_wconf 88' lang='lat' dir='ltr'>et</span> <span class='ocrx_word' id='word_1_14' title='bbox 1234 616 1363 684; x_wconf 80' lang='lat' dir='ltr'>vegetes,</span> 
     </span>
     <span class='ocr_line' id='line_1_3' title="bbox 239 679 1361 751; baseline 0 -13"><span class='ocrx_word' id='word_1_15' title='bbox 239 684 356 739; x_wconf 88' lang='lat' dir='ltr'>barbam</span> <span class='ocrx_word' id='word_1_16' title='bbox 374 683 409 737; x_wconf 84' lang='lat' dir='ltr'>ad</span> <span class='ocrx_word' id='word_1_17' title='bbox 427 681 504 751; x_wconf 91' lang='lat' dir='ltr'>pedis</span> <span class='ocrx_word' id='word_1_18' title='bbox 522 681 721 751; x_wconf 77' lang='lat' dir='ltr'>longitudinem</span> <span class='ocrx_word' id='word_1_19' title='bbox 740 679 864 735; x_wconf 87' lang='lat' dir='ltr'>deferens</span> <span class='ocrx_word' id='word_1_20' title='bbox 873 682 890 749; x_wconf 85' lang='lat'>¹,</span> <span class='ocrx_word' id='word_1_21' title='bbox 918 690 1004 749; x_wconf 67' lang='lat' dir='ltr'>prae</span> <span class='ocrx_word' id='word_1_22' title='bbox 1025 698 1120 734; x_wconf 90' lang='lat' dir='ltr'>nasum</span> <span class='ocrx_word' id='word_1_23' title='bbox 1147 682 1293 750; x_wconf 90' lang='lat' dir='ltr'>paululum</span> <span class='ocrx_word' id='word_1_24' title='bbox 1314 701 1361 738; x_wconf 88' lang='lat' dir='ltr'>ex·</span> 
     </span>
     <span class='ocr_line' id='line_1_4' title="bbox 239 751 1360 822; baseline 0.002 -13"><span class='ocrx_word' id='word_1_25' title='bbox 239 755 381 809; x_wconf 78' lang='lat' dir='ltr'>cedentem</span> <span class='ocrx_word' id='word_1_26' title='bbox 399 752 631 820; x_wconf 77' lang='lat' dir='ltr'>mediocritatem,</span> <span class='ocrx_word' id='word_1_27' title='bbox 659 751 790 806; x_wconf 88' lang='lat' dir='ltr'>caniciem</span> <span class='ocrx_word' id='word_1_28' title='bbox 807 752 947 821; x_wconf 88' lang='lat' dir='ltr'>pulcram,</span> <span class='ocrx_word' id='word_1_29' title='bbox 976 751 1073 806; x_wconf 87' lang='lat' dir='ltr'>faciem</span> <span class='ocrx_word' id='word_1_30' title='bbox 1092 752 1176 806; x_wconf 87' lang='lat' dir='ltr'>letam</span> <span class='ocrx_word' id='word_1_31' title='bbox 1194 757 1223 807; x_wconf 92' lang='lat' dir='ltr'>et</span> <span class='ocrx_word' id='word_1_32' title='bbox 1240 755 1360 822; x_wconf 84' lang='lat' dir='ltr'>ylarem.</span> 
     </span>
    </p>
   </div>
   <div class='ocr_carea' id='block_1_3' title="bbox 344 892 1397 967">
    <p class='ocr_par' dir='ltr' id='par_1_3' title="bbox 344 892 1397 967">
     <span class='ocr_line' id='line_1_5' title="bbox 344 892 1397 967; baseline 0.006 -18"><span class='ocrx_word' id='word_1_33' title='bbox 344 896 428 950; x_wconf 82' lang='lat' dir='ltr'>Anno</span> <span class='ocrx_word' id='word_1_34' title='bbox 445 894 558 949; x_wconf 88' lang='lat' dir='ltr'>Domini</span> <span class='ocrx_word' id='word_1_35' title='bbox 576 894 619 948; x_wconf 89' lang='lat' dir='ltr'>ab</span> <span class='ocrx_word' id='word_1_36' title='bbox 637 893 903 949; x_wconf 76' lang='lat' dir='ltr'>incarnatione</span> <span class='ocrx_word' id='word_1_37' title='bbox 920 892 1006 961; x_wconf 64' lang='lat' dir='ltr'>XM,</span> <span class='ocrx_word' id='word_1_38' title='bbox 1031 898 1196 962; x_wconf 89' lang='lat' dir='ltr'>tempore</span> <span class='ocrx_word' id='word_1_39' title='bbox 1213 895 1360 967; x_wconf 87' lang='lat' dir='ltr'>Letharii,</span> <span class='ocrx_word' id='word_1_40' title='bbox 1383 915 1397 956; x_wconf 79' lang='lat' dir='ltr'>s</span> 
     </span>
    </p>
   </div>
   <div class='ocr_carea' id='block_1_4' title="bbox 224 966 1361 1115">
    <p class='ocr_par' dir='ltr' id='par_1_4' title="bbox 224 966 1361 1115">
     <span class='ocr_line' id='line_1_6' title="bbox 224 966 1361 1110; baseline 0.003 -72"><span class='ocrx_word' id='word_1_41' title='bbox 224 966 371 1110; x_wconf 47' lang='lat' dir='ltr'>{lodovici</span> <span class='ocrx_word' id='word_1_42' title='bbox 395 984 477 1052; x_wconf 86' lang='lat' dir='ltr'>filiii,</span> <span class='ocrx_word' id='word_1_43' title='bbox 507 982 737 1051; x_wconf 87' lang='lat' dir='ltr'>inperatoris</span> <span class='ocrx_word' id='word_1_44' title='bbox 761 981 937 1036; x_wconf 90' lang='lat' dir='ltr'>Pancosrdus</span> <span class='ocrx_word' id='word_1_45' title='bbox 964 982 1038 1035; x_wconf 87' lang='lat' dir='ltr'>fuit</span> <span class='ocrx_word' id='word_1_46' title='bbox 1064 971 1191 1036; x_wconf 77' lang='lat' dir='ltr'>tercius</span> <span class='ocrx_word' id='word_1_47' title='bbox 1212 985 1361 1055; x_wconf 81' lang='lat' dir='ltr'>epiecopus</span> 
     </span>
     <span class='ocr_line' id='line_1_7' title="bbox 260 1065 1359 1115; baseline 0 -5"><span class='ocrx_word' id='word_1_48' title='bbox 260 1065 392 1111; x_wconf 77' lang='lat' dir='ltr'>remouec</span> <span class='ocrx_word' id='word_1_49' title='bbox 416 1091 1359 1115; x_wconf 78' lang='grc'><strong>......................</strong></span> 
     </span>
    </p>
   </div>
   <div class='ocr_carea' id='block_1_5' title="bbox 128 1201 1405 1641">
    <p class='ocr_par' dir='ltr' id='par_1_5' title="bbox 151 1201 1405 1554">
     <span class='ocr_line' id='line_1_8' title="bbox 151 1201 1360 1286; baseline 0.002 -20"><span class='ocrx_word' id='word_1_50' title='bbox 151 1219 170 1266; x_wconf 81' lang='lat' dir='ltr'>r·</span> <span class='ocrx_word' id='word_1_51' title='bbox 180 1220 227 1259; x_wconf 75' lang='lat'>124·</span> <span class='ocrx_word' id='word_1_52' title='bbox 327 1203 400 1269; x_wconf 91' lang='lat' dir='ltr'>Iste</span> <span class='ocrx_word' id='word_1_53' title='bbox 414 1201 606 1267; x_wconf 88' lang='lat' dir='ltr'>Lodovicus</span> <span class='ocrx_word' id='word_1_54' title='bbox 620 1201 796 1286; x_wconf 80' lang='lat' dir='ltr'>inperator</span> <span class='ocrx_word' id='word_1_55' title='bbox 807 1204 983 1285; x_wconf 88' lang='lat' dir='ltr'>tamquam</span> <span class='ocrx_word' id='word_1_56' title='bbox 997 1201 1229 1266; x_wconf 88' lang='lat' dir='ltr'>fidellissimus</span> <span class='ocrx_word' id='word_1_57' title='bbox 1243 1202 1360 1269; x_wconf 80' lang='lat' dir='ltr'>Chris-</span> 
     </span>
     <span class='ocr_line' id='line_1_9' title="bbox 237 1290 1405 1374; baseline 0.006 -18"><span class='ocrx_word' id='word_1_58' title='bbox 237 1292 354 1357; x_wconf 87' lang='lat' dir='ltr'>tianus</span> <span class='ocrx_word' id='word_1_59' title='bbox 382 1295 418 1358; x_wconf 87' lang='lat' dir='ltr'>et</span> <span class='ocrx_word' id='word_1_60' title='bbox 449 1294 582 1355; x_wconf 88' lang='lat' dir='ltr'>amator</span> <span class='ocrx_word' id='word_1_61' title='bbox 611 1294 729 1355; x_wconf 89' lang='lat' dir='ltr'>sancte</span> <span class='ocrx_word' id='word_1_62' title='bbox 753 1290 872 1354; x_wconf 87' lang='lat' dir='ltr'>matris</span> <span class='ocrx_word' id='word_1_63' title='bbox 896 1290 1039 1355; x_wconf 86' lang='lat' dir='ltr'>ecclesie</span> <span class='ocrx_word' id='word_1_64' title='bbox 1061 1291 1275 1374; x_wconf 86' lang='lat' dir='ltr'>temporibus</span> <span class='ocrx_word' id='word_1_65' title='bbox 1302 1295 1361 1358; x_wconf 90' lang='lat' dir='ltr'>do·</span> <span class='ocrx_word' id='word_1_66' title='bbox 1379 1324 1405 1363; x_wconf 85' lang='grc' dir='ltr'>ιο</span> 
     </span>
     <span class='ocr_line' id='line_1_10' title="bbox 237 1374 1360 1464; baseline 0.004 -20"><span class='ocrx_word' id='word_1_67' title='bbox 237 1381 322 1444; x_wconf 91' lang='lat' dir='ltr'>mini</span> <span class='ocrx_word' id='word_1_68' title='bbox 352 1374 534 1444; x_wconf 80' lang='lat' dir='ltr'>Paschali‘l</span> <span class='ocrx_word' id='word_1_69' title='bbox 560 1399 648 1463; x_wconf 87' lang='lat' dir='ltr'>pape</span> <span class='ocrx_word' id='word_1_70' title='bbox 677 1379 831 1443; x_wconf 84' lang='lat' dir='ltr'>Romane</span> <span class='ocrx_word' id='word_1_71' title='bbox 865 1378 1008 1444; x_wconf 85' lang='lat' dir='ltr'>ecclesie</span> <span class='ocrx_word' id='word_1_72' title='bbox 1042 1379 1274 1464; x_wconf 88' lang='lat' dir='ltr'>privillegium</span> <span class='ocrx_word' id='word_1_73' title='bbox 1316 1383 1360 1448; x_wconf 88' lang='lat' dir='ltr'>de</span> 
     </span>
     <span class='ocr_line' id='line_1_11' title="bbox 236 1467 1355 1554; baseline 0.001 -20"><span class='ocrx_word' id='word_1_74' title='bbox 236 1469 468 1554; x_wconf 83' lang='lat' dir='ltr'>infrascriptis</span> <span class='ocrx_word' id='word_1_75' title='bbox 485 1468 693 1542; x_wconf 83' lang='lat' dir='ltr'>civitatibus,</span> <span class='ocrx_word' id='word_1_76' title='bbox 710 1468 822 1551; x_wconf 90' lang='lat' dir='ltr'>opidis</span> <span class='ocrx_word' id='word_1_77' title='bbox 838 1471 873 1532; x_wconf 92' lang='lat' dir='ltr'>et</span> <span class='ocrx_word' id='word_1_78' title='bbox 886 1467 1037 1532; x_wconf 86' lang='lat' dir='ltr'>castellis</span> <span class='ocrx_word' id='word_1_79' title='bbox 1049 1468 1200 1546; x_wconf 87' lang='lat' dir='ltr'>donavit,</span> <span class='ocrx_word' id='word_1_80' title='bbox 1218 1471 1355 1553; x_wconf 81' lang='lat' dir='ltr'>primo⁰</span> 
     </span>
    </p>

    <p class='ocr_par' dir='ltr' id='par_1_6' title="bbox 128 1556 1361 1641">
     <span class='ocr_line' id='line_1_12' title="bbox 128 1556 1361 1641; baseline 0.004 -20"><span class='ocrx_word' id='word_1_81' title='bbox 128 1572 159 1621; x_wconf 66' lang='lat' dir='ltr'>‘a</span> <span class='ocrx_word' id='word_1_82' title='bbox 170 1575 225 1614; x_wconf 77' lang='lat'>124‘·</span> <span class='ocrx_word' id='word_1_83' title='bbox 236 1556 441 1623; x_wconf 82' lang='lat' dir='ltr'>&#39;Lodovicus</span> <span class='ocrx_word' id='word_1_84' title='bbox 464 1559 639 1641; x_wconf 85' lang='lat' dir='ltr'>inperator</span> <span class='ocrx_word' id='word_1_85' title='bbox 662 1557 748 1620; x_wconf 66' lang='lat' dir='ltr'>siti:</span> <span class='ocrx_word' id='word_1_86' title='bbox 778 1569 951 1622; x_wconf 62' lang='lat' dir='ltr'>&amp;aruimus</span> <span class='ocrx_word' id='word_1_87' title='bbox 975 1575 999 1621; x_wconf 83' lang='lat' dir='ltr'>et</span> <span class='ocrx_word' id='word_1_88' title='bbox 1022 1571 1209 1623; x_wconf 69' lang='lat' dir='ltr'>emersimus</span> <span class='ocrx_word' id='word_1_89' title='bbox 1231 1587 1285 1638; x_wconf 76' lang='lat' dir='ltr'>per</span> <span class='ocrx_word' id='word_1_90' title='bbox 1311 1573 1361 1626; x_wconf 75' lang='lat' dir='ltr'>her</span> 
     </span>
    </p>
   </div>
   <div class='ocr_carea' id='block_1_6' title="bbox 151 1639 1405 2846">
    <p class='ocr_par' dir='ltr' id='par_1_7' title="bbox 151 1639 1405 2419">
     <span class='ocr_line' id='line_1_13' title="bbox 236 1639 1360 1709; baseline 0.003 -15"><span class='ocrx_word' id='word_1_91' title='bbox 236 1639 360 1708; x_wconf 72' lang='lat' dir='ltr'>feaumf</span> <span class='ocrx_word' id='word_1_92' title='bbox 376 1641 589 1706; x_wconf 77' lang='lat' dir='ltr'>confirmationis</span> <span class='ocrx_word' id='word_1_93' title='bbox 606 1647 694 1693; x_wconf 81' lang='lat' dir='ltr'>mestre</span> <span class='ocrx_word' id='word_1_94' title='bbox 712 1642 762 1693; x_wconf 87' lang='lat' dir='ltr'>tibi</span> <span class='ocrx_word' id='word_1_95' title='bbox 779 1640 851 1693; x_wconf 79' lang='lat' dir='ltr'>beata</span> <span class='ocrx_word' id='word_1_96' title='bbox 862 1640 950 1706; x_wconf 89' lang='lat' dir='ltr'>Petro,</span> <span class='ocrx_word' id='word_1_97' title='bbox 964 1643 1086 1708; x_wconf 76' lang='lat' dir='ltr'>principi</span> <span class='ocrx_word' id='word_1_98' title='bbox 1104 1642 1316 1709; x_wconf 81' lang='lat' dir='ltr'>eppestolarum,</span> <span class='ocrx_word' id='word_1_99' title='bbox 1335 1650 1360 1697; x_wconf 89' lang='lat' dir='ltr'>et</span> 
     </span>
     <span class='ocr_line' id='line_1_14' title="bbox 213 1712 1405 1782; baseline 0.003 -15"><span class='ocrx_word' id='word_1_100' title='bbox 213 1762 215 1767; x_wconf 92' lang='lat'><em>.</em></span> <span class='ocrx_word' id='word_1_101' title='bbox 232 1730 284 1782; x_wconf 92' lang='lat' dir='ltr'>per</span> <span class='ocrx_word' id='word_1_102' title='bbox 301 1720 325 1766; x_wconf 92' lang='lat' dir='ltr'>te</span> <span class='ocrx_word' id='word_1_103' title='bbox 349 1715 451 1766; x_wconf 76' lang='lat' dir='ltr'>sicario</span> <span class='ocrx_word' id='word_1_104' title='bbox 476 1717 521 1764; x_wconf 88' lang='lat' dir='ltr'>tm</span> <span class='ocrx_word' id='word_1_105' title='bbox 538 1712 653 1779; x_wconf 81' lang='lat' dir='ltr'>dompno</span> <span class='ocrx_word' id='word_1_106' title='bbox 670 1712 802 1764; x_wconf 78' lang='lat' dir='ltr'>Pasebaii</span> <span class='ocrx_word' id='word_1_107' title='bbox 817 1727 921 1764; x_wconf 85' lang='lat' dir='ltr'>summo</span> <span class='ocrx_word' id='word_1_108' title='bbox 938 1712 1063 1779; x_wconf 74' lang='lat' dir='ltr'>pontifici</span> <span class='ocrx_word' id='word_1_109' title='bbox 1079 1717 1103 1764; x_wconf 88' lang='lat' dir='ltr'>et</span> <span class='ocrx_word' id='word_1_110' title='bbox 1119 1714 1272 1765; x_wconf 83' lang='lat' dir='ltr'>universali</span> <span class='ocrx_word' id='word_1_111' title='bbox 1283 1731 1359 1782; x_wconf 84' lang='lat' dir='ltr'>pape</span> <span class='ocrx_word' id='word_1_112' title='bbox 1379 1731 1405 1771; x_wconf 80' lang='lat' dir='ltr'>ro</span> 
     </span>
     <span class='ocr_line' id='line_1_15' title="bbox 235 1783 1360 1854; baseline 0.001 -17"><span class='ocrx_word' id='word_1_113' title='bbox 235 1791 259 1837; x_wconf 87' lang='lat' dir='ltr'>et</span> <span class='ocrx_word' id='word_1_114' title='bbox 277 1784 470 1838; x_wconf 67' lang='lat' dir='ltr'>messoribus</span> <span class='ocrx_word' id='word_1_115' title='bbox 482 1785 538 1836; x_wconf 88' lang='lat' dir='ltr'>eius</span> <span class='ocrx_word' id='word_1_116' title='bbox 548 1787 578 1835; x_wconf 84' lang='lat' dir='ltr'>ia</span> <span class='ocrx_word' id='word_1_117' title='bbox 592 1789 761 1850; x_wconf 83' lang='lat' dir='ltr'>perpetuum,</span> <span class='ocrx_word' id='word_1_118' title='bbox 778 1785 846 1835; x_wconf 81' lang='lat' dir='ltr'>eiam</span> <span class='ocrx_word' id='word_1_119' title='bbox 864 1799 882 1834; x_wconf 86' lang='lat' dir='ltr'>a</span> <span class='ocrx_word' id='word_1_120' title='bbox 895 1783 1127 1850; x_wconf 81' lang='lat' dir='ltr'>predecessoribus</span> <span class='ocrx_word' id='word_1_121' title='bbox 1144 1787 1262 1836; x_wconf 75' lang='lat' dir='ltr'>vestras</span> <span class='ocrx_word' id='word_1_122' title='bbox 1275 1802 1360 1854; x_wconf 77' lang='lat' dir='ltr'>usque</span> 
     </span>
     <span class='ocr_line' id='line_1_16' title="bbox 235 1851 1359 1926; baseline 0.003 -19"><span class='ocrx_word' id='word_1_123' title='bbox 235 1872 308 1908; x_wconf 81' lang='lat' dir='ltr'>nunc</span> <span class='ocrx_word' id='word_1_124' title='bbox 325 1859 355 1907; x_wconf 83' lang='lat' dir='ltr'>irs</span> <span class='ocrx_word' id='word_1_125' title='bbox 379 1859 467 1907; x_wconf 83' lang='lat' dir='ltr'>restra</span> <span class='ocrx_word' id='word_1_126' title='bbox 491 1860 618 1923; x_wconf 77' lang='lat' dir='ltr'>potestate</span> <span class='ocrx_word' id='word_1_127' title='bbox 643 1861 667 1906; x_wconf 86' lang='lat' dir='ltr'>et</span> <span class='ocrx_word' id='word_1_128' title='bbox 691 1854 791 1906; x_wconf 81' lang='lat' dir='ltr'>ditione</span> <span class='ocrx_word' id='word_1_129' title='bbox 817 1856 946 1920; x_wconf 86' lang='lat' dir='ltr'>tenuistis,</span> <span class='ocrx_word' id='word_1_130' title='bbox 976 1851 1122 1922; x_wconf 80' lang='lat' dir='ltr'>[primoh</span> <span class='ocrx_word' id='word_1_131' title='bbox 1144 1853 1359 1926; x_wconf 88' lang='lat' dir='ltr'>videlicet]:</span> 
     </span>
     <span class='ocr_line' id='line_1_17' title="bbox 237 1925 1361 1994; baseline 0.002 -15"><span class='ocrx_word' id='word_1_132' title='bbox 237 1927 374 1980; x_wconf 76' lang='lat' dir='ltr'>Civitatem</span> <span class='ocrx_word' id='word_1_133' title='bbox 385 1927 537 1978; x_wconf 81' lang='lat' dir='ltr'>Romanam</span> <span class='ocrx_word' id='word_1_134' title='bbox 548 1942 608 1977; x_wconf 83' lang='lat' dir='ltr'>cum</span> <span class='ocrx_word' id='word_1_135' title='bbox 619 1925 718 1976; x_wconf 79' lang='lat' dir='ltr'>ducatu</span> <span class='ocrx_word' id='word_1_136' title='bbox 730 1939 779 1977; x_wconf 83' lang='lat' dir='ltr'>sac</span> <span class='ocrx_word' id='word_1_137' title='bbox 797 1931 820 1976; x_wconf 90' lang='lat' dir='ltr'>et</span> <span class='ocrx_word' id='word_1_138' title='bbox 837 1925 1008 1994; x_wconf 76' lang='lat' dir='ltr'>suburbanis,</span> <span class='ocrx_word' id='word_1_139' title='bbox 1027 1926 1120 1978; x_wconf 83' lang='lat' dir='ltr'>riculis</span> <span class='ocrx_word' id='word_1_140' title='bbox 1137 1929 1214 1992; x_wconf 77' lang='lat' dir='ltr'>atque</span> <span class='ocrx_word' id='word_1_141' title='bbox 1232 1929 1361 1981; x_wconf 79' lang='lat' dir='ltr'>erunibus</span> 
     </span>
     <span class='ocr_line' id='line_1_18' title="bbox 236 1997 1361 2063; baseline 0.002 -13"><span class='ocrx_word' id='word_1_142' title='bbox 236 2000 385 2050; x_wconf 75' lang='lat' dir='ltr'>territoriis</span> <span class='ocrx_word' id='word_1_143' title='bbox 403 2000 467 2063; x_wconf 80' lang='lat' dir='ltr'>eires,</span> <span class='ocrx_word' id='word_1_144' title='bbox 493 1999 629 2048; x_wconf 78' lang='lat' dir='ltr'>montanis</span> <span class='ocrx_word' id='word_1_145' title='bbox 647 2013 678 2048; x_wconf 87' lang='lat' dir='ltr'>ac</span> <span class='ocrx_word' id='word_1_146' title='bbox 695 1998 850 2062; x_wconf 83' lang='lat' dir='ltr'>maritimis,</span> <span class='ocrx_word' id='word_1_147' title='bbox 877 1997 1017 2061; x_wconf 81' lang='lat' dir='ltr'>littoribus,</span> <span class='ocrx_word' id='word_1_148' title='bbox 1038 1997 1171 2062; x_wconf 80' lang='lat' dir='ltr'>portubus</span> <span class='ocrx_word' id='word_1_149' title='bbox 1189 2013 1236 2048; x_wconf 86' lang='lat' dir='ltr'>sea</span> <span class='ocrx_word' id='word_1_150' title='bbox 1255 2003 1361 2052; x_wconf 81' lang='lat' dir='ltr'>cunetis</span> 
     </span>
     <span class='ocr_line' id='line_1_19' title="bbox 235 2067 1404 2138; baseline 0.002 -17"><span class='ocrx_word' id='word_1_151' title='bbox 235 2069 396 2135; x_wconf 80' lang='lat' dir='ltr'>civitatibus,</span> <span class='ocrx_word' id='word_1_152' title='bbox 418 2068 539 2133; x_wconf 72' lang='lat' dir='ltr'>castellas,</span> <span class='ocrx_word' id='word_1_153' title='bbox 568 2067 675 2134; x_wconf 80' lang='lat' dir='ltr'>oppidis</span> <span class='ocrx_word' id='word_1_154' title='bbox 698 2083 731 2118; x_wconf 87' lang='lat' dir='ltr'>ac</span> <span class='ocrx_word' id='word_1_155' title='bbox 752 2069 854 2132; x_wconf 79' lang='lat' dir='ltr'>rieaiis,</span> <span class='ocrx_word' id='word_1_156' title='bbox 881 2068 910 2118; x_wconf 86' lang='lat' dir='ltr'>iai</span> <span class='ocrx_word' id='word_1_157' title='bbox 934 2074 971 2119; x_wconf 87' lang='lat' dir='ltr'>est</span> <span class='ocrx_word' id='word_1_158' title='bbox 992 2067 1113 2133; x_wconf 82' lang='lat' dir='ltr'>Portum,</span> <span class='ocrx_word' id='word_1_159' title='bbox 1140 2068 1360 2138; x_wconf 81' lang='lat' dir='ltr'>Centum-celii,</span> <span class='ocrx_word' id='word_1_160' title='bbox 1378 2087 1404 2127; x_wconf 79' lang='lat' dir='ltr'>eo</span> 
     </span>
     <span class='ocr_line' id='line_1_20' title="bbox 236 2136 1360 2207; baseline -0.003 -15"><span class='ocrx_word' id='word_1_161' title='bbox 236 2138 363 2207; x_wconf 78' lang='lat' dir='ltr'>Seberel,</span> <span class='ocrx_word' id='word_1_162' title='bbox 382 2140 501 2204; x_wconf 84' lang='lat' dir='ltr'>Bledam,</span> <span class='ocrx_word' id='word_1_163' title='bbox 520 2136 768 2205; x_wconf 77' lang='lat' dir='ltr'>Marrhurammk,</span> <span class='ocrx_word' id='word_1_164' title='bbox 787 2139 909 2191; x_wconf 82' lang='lat' dir='ltr'>Satrium</span> <span class='ocrx_word' id='word_1_165' title='bbox 946 2179 1360 2198; x_wconf 85' lang='grc'><em>..........</em></span> 
     </span>
     <span class='ocr_line' id='line_1_21' title="bbox 151 2209 1362 2280; baseline 0.002 -19"><span class='ocrx_word' id='word_1_166' title='bbox 151 2211 479 2279; x_wconf 71' lang='lat' dir='ltr'>praesubscrrptiorsibas</span> <span class='ocrx_word' id='word_1_167' title='bbox 499 2215 609 2276; x_wconf 83' lang='lat' dir='ltr'>paetum</span> <span class='ocrx_word' id='word_1_168' title='bbox 627 2210 702 2261; x_wconf 82' lang='lat' dir='ltr'>r‘stud</span> <span class='ocrx_word' id='word_1_169' title='bbox 719 2216 807 2261; x_wconf 85' lang='lat' dir='ltr'>nostre</span> <span class='ocrx_word' id='word_1_170' title='bbox 825 2209 1036 2274; x_wconf 77' lang='lat' dir='ltr'>confirmationis</span> <span class='ocrx_word' id='word_1_171' title='bbox 1054 2210 1240 2262; x_wconf 78' lang='lat' dir='ltr'>roberavimus</span> <span class='ocrx_word' id='word_1_172' title='bbox 1260 2219 1285 2264; x_wconf 91' lang='lat' dir='ltr'>et</span> <span class='ocrx_word' id='word_1_173' title='bbox 1307 2230 1362 2280; x_wconf 83' lang='lat' dir='ltr'>per</span> 
     </span>
     <span class='ocr_line' id='line_1_22' title="bbox 236 2280 1355 2349; baseline 0.002 -15"><span class='ocrx_word' id='word_1_174' title='bbox 236 2283 351 2348; x_wconf 79' lang='lat' dir='ltr'>tapetam</span> <span class='ocrx_word' id='word_1_175' title='bbox 368 2287 457 2335; x_wconf 81' lang='lat' dir='ltr'>sancte</span> <span class='ocrx_word' id='word_1_176' title='bbox 474 2281 593 2334; x_wconf 82' lang='lat' dir='ltr'>Romame</span> <span class='ocrx_word' id='word_1_177' title='bbox 610 2281 709 2333; x_wconf 73' lang='lat' dir='ltr'>eoeleste</span> <span class='ocrx_word' id='word_1_178' title='bbox 731 2280 899 2333; x_wconf 70' lang='lat' dir='ltr'>remmam</span> <span class='ocrx_word' id='word_1_179' title='bbox 917 2282 1040 2332; x_wconf 80' lang='lat' dir='ltr'>nornine</span> <span class='ocrx_word' id='word_1_180' title='bbox 1052 2283 1355 2349; x_wconf 82' lang='lat' dir='ltr'>procuratoreml</span> 
     </span>
     <span class='ocr_line' id='line_1_23' title="bbox 236 2352 757 2419; baseline 0.006 -16"><span class='ocrx_word' id='word_1_181' title='bbox 236 2353 350 2418; x_wconf 80' lang='lat' dir='ltr'>dompno</span> <span class='ocrx_word' id='word_1_182' title='bbox 368 2353 499 2404; x_wconf 78' lang='lat' dir='ltr'>Paschaii</span> <span class='ocrx_word' id='word_1_183' title='bbox 510 2368 584 2419; x_wconf 85' lang='lat' dir='ltr'>pape</span> <span class='ocrx_word' id='word_1_184' title='bbox 600 2352 757 2406; x_wconf 71' lang='lat' dir='ltr'>diremimus.</span> 
     </span>
    </p>

    <p class='ocr_par' dir='ltr' id='par_1_8' title="bbox 236 2423 1393 2620">
     <span class='ocr_line' id='line_1_24' title="bbox 343 2423 1393 2490; baseline 0.007 -16"><span class='ocrx_word' id='word_1_185' title='bbox 343 2423 400 2488; x_wconf 80' lang='lat' dir='ltr'>Epo</span> <span class='ocrx_word' id='word_1_186' title='bbox 424 2423 571 2476; x_wconf 76' lang='lat' dir='ltr'>Ledere&#39;esss</span> <span class='ocrx_word' id='word_1_187' title='bbox 597 2424 781 2475; x_wconf 67' lang='lat' dir='ltr'>miserebordia</span> <span class='ocrx_word' id='word_1_188' title='bbox 808 2423 860 2474; x_wconf 90' lang='lat' dir='ltr'>Dei</span> <span class='ocrx_word' id='word_1_189' title='bbox 884 2424 1024 2490; x_wconf 82' lang='lat' dir='ltr'>imperator</span> <span class='ocrx_word' id='word_1_190' title='bbox 1049 2423 1203 2488; x_wconf 59' lang='lat' dir='ltr'>subscripsi,</span> <span class='ocrx_word' id='word_1_191' title='bbox 1232 2427 1263 2476; x_wconf 93' lang='lat' dir='ltr'>et</span> <span class='ocrx_word' id='word_1_192' title='bbox 1293 2427 1358 2481; x_wconf 90' lang='lat' dir='ltr'>sub·</span> <span class='ocrx_word' id='word_1_193' title='bbox 1371 2440 1393 2480; x_wconf 73' lang='lat' dir='ltr'>rt</span> 
     </span>
     <span class='ocr_line' id='line_1_25' title="bbox 236 2491 1359 2561; baseline 0.006 -16"><span class='ocrx_word' id='word_1_194' title='bbox 236 2492 402 2561; x_wconf 87' lang='lat' dir='ltr'>scripserunt</span> <span class='ocrx_word' id='word_1_195' title='bbox 420 2496 475 2547; x_wconf 88' lang='lat' dir='ltr'>tres</span> <span class='ocrx_word' id='word_1_196' title='bbox 492 2492 552 2546; x_wconf 90' lang='lat' dir='ltr'>fillii</span> <span class='ocrx_word' id='word_1_197' title='bbox 571 2492 627 2546; x_wconf 91' lang='lat' dir='ltr'>eius</span> <span class='ocrx_word' id='word_1_198' title='bbox 647 2497 674 2545; x_wconf 93' lang='lat' dir='ltr'>et</span> <span class='ocrx_word' id='word_1_199' title='bbox 692 2492 813 2561; x_wconf 90' lang='lat' dir='ltr'>episcopi</span> <span class='ocrx_word' id='word_1_200' title='bbox 830 2491 866 2557; x_wconf 90' lang='lat' dir='ltr'>X,</span> <span class='ocrx_word' id='word_1_201' title='bbox 885 2493 998 2547; x_wconf 85' lang='lat' dir='ltr'>abbates</span> <span class='ocrx_word' id='word_1_202' title='bbox 1010 2491 1092 2559; x_wconf 88' lang='lat' dir='ltr'>VIII,</span> <span class='ocrx_word' id='word_1_203' title='bbox 1117 2493 1230 2546; x_wconf 87' lang='lat' dir='ltr'>comites</span> <span class='ocrx_word' id='word_1_204' title='bbox 1250 2493 1312 2550; x_wconf 90' lang='lat' dir='ltr'>XV</span> <span class='ocrx_word' id='word_1_205' title='bbox 1334 2501 1359 2552; x_wconf 89' lang='lat' dir='ltr'>et</span> 
     </span>
     <span class='ocr_line' id='line_1_26' title="bbox 236 2562 1004 2620; baseline 0.004 -4"><span class='ocrx_word' id='word_1_206' title='bbox 236 2562 441 2617; x_wconf 87' lang='lat' dir='ltr'>bibliotecarius</span> <span class='ocrx_word' id='word_1_207' title='bbox 459 2568 487 2617; x_wconf 92' lang='lat' dir='ltr'>et</span> <span class='ocrx_word' id='word_1_208' title='bbox 504 2563 701 2616; x_wconf 90' lang='lat' dir='ltr'>mansionarius</span> <span class='ocrx_word' id='word_1_209' title='bbox 719 2567 747 2616; x_wconf 89' lang='lat' dir='ltr'>et</span> <span class='ocrx_word' id='word_1_210' title='bbox 764 2562 908 2616; x_wconf 89' lang='lat' dir='ltr'>hostiarius</span> <span class='ocrx_word' id='word_1_211' title='bbox 926 2581 1004 2620; x_wconf 90' lang='lat' dir='ltr'>unus.</span> 
     </span>
    </p>

    <p class='ocr_par' dir='ltr' id='par_1_9' title="bbox 184 2633 1405 2846">
     <span class='ocr_line' id='line_1_27' title="bbox 184 2633 1360 2704; baseline 0.005 -17"><span class='ocrx_word' id='word_1_212' title='bbox 184 2649 225 2688; x_wconf 77' lang='lat' dir='ltr'>sa.</span> <span class='ocrx_word' id='word_1_213' title='bbox 342 2633 417 2688; x_wconf 90' lang='lat' dir='ltr'>Huic</span> <span class='ocrx_word' id='word_1_214' title='bbox 447 2633 586 2688; x_wconf 83' lang='lat' dir='ltr'>Lodovico</span> <span class='ocrx_word' id='word_1_215' title='bbox 617 2635 833 2703; x_wconf 88' lang='lat' dir='ltr'>inperatore</span> <span class='ocrx_word' id='word_1_216' title='bbox 862 2633 985 2687; x_wconf 88' lang='lat' dir='ltr'>Ytaliam</span> <span class='ocrx_word' id='word_1_217' title='bbox 1015 2634 1136 2704; x_wconf 82' lang='lat' dir='ltr'>ingresso</span> <span class='ocrx_word' id='word_1_218' title='bbox 1166 2634 1195 2686; x_wconf 89' lang='lat' dir='ltr'>in</span> <span class='ocrx_word' id='word_1_219' title='bbox 1225 2637 1360 2693; x_wconf 89' lang='lat' dir='ltr'>teritorio</span> 
     </span>
     <span class='ocr_line' id='line_1_28' title="bbox 236 2703 1360 2776; baseline 0.005 -19"><span class='ocrx_word' id='word_1_220' title='bbox 236 2703 380 2758; x_wconf 76' lang='lat' dir='ltr'>sabinensi</span> <span class='ocrx_word' id='word_1_221' title='bbox 397 2705 494 2759; x_wconf 87' lang='lat' dir='ltr'>beatus</span> <span class='ocrx_word' id='word_1_222' title='bbox 511 2704 629 2758; x_wconf 88' lang='lat' dir='ltr'>Iohanes</span> <span class='ocrx_word' id='word_1_223' title='bbox 646 2704 771 2773; x_wconf 86' lang='lat' dir='ltr'>Baptista</span> <span class='ocrx_word' id='word_1_224' title='bbox 789 2704 818 2758; x_wconf 92' lang='lat' dir='ltr'>in</span> <span class='ocrx_word' id='word_1_225' title='bbox 836 2704 939 2758; x_wconf 88' lang='lat' dir='ltr'>visione</span> <span class='ocrx_word' id='word_1_226' title='bbox 964 2706 1091 2774; x_wconf 88' lang='lat' dir='ltr'>apparuit</span> <span class='ocrx_word' id='word_1_227' title='bbox 1108 2705 1298 2776; x_wconf 85' lang='lat' dir='ltr'>precepitque,</span> <span class='ocrx_word' id='word_1_228' title='bbox 1328 2713 1360 2763; x_wconf 89' lang='lat' dir='ltr'>ut</span> 
     </span>
     <span class='ocr_line' id='line_1_29' title="bbox 237 2774 1405 2846; baseline 0.005 -18"><span class='ocrx_word' id='word_1_229' title='bbox 237 2774 388 2831; x_wconf 89' lang='lat' dir='ltr'>edifficaret</span> <span class='ocrx_word' id='word_1_230' title='bbox 400 2776 426 2830; x_wconf 86' lang='lat' dir='ltr'>ei</span> <span class='ocrx_word' id='word_1_231' title='bbox 438 2776 595 2844; x_wconf 81' lang='lat' dir='ltr'>ecclesiam3</span> <span class='ocrx_word' id='word_1_232' title='bbox 615 2775 687 2844; x_wconf 89' lang='lat' dir='ltr'>quod</span> <span class='ocrx_word' id='word_1_233' title='bbox 701 2780 728 2829; x_wconf 93' lang='lat' dir='ltr'>et</span> <span class='ocrx_word' id='word_1_234' title='bbox 740 2775 806 2830; x_wconf 86' lang='lat' dir='ltr'>feeit</span> <span class='ocrx_word' id='word_1_235' title='bbox 818 2775 865 2828; x_wconf 91' lang='lat' dir='ltr'>ubi</span> <span class='ocrx_word' id='word_1_236' title='bbox 878 2776 979 2829; x_wconf 89' lang='lat' dir='ltr'>dicitur</span> <span class='ocrx_word' id='word_1_237' title='bbox 991 2777 1159 2846; x_wconf 81' lang='lat' dir='ltr'>Argentella.</span> <span class='ocrx_word' id='word_1_238' title='bbox 1233 2776 1265 2830; x_wconf 92' lang='lat' dir='ltr'>H</span> <span class='ocrx_word' id='word_1_239' title='bbox 1274 2780 1310 2832; x_wconf 92' lang='lat' dir='ltr'>ui</span> <span class='ocrx_word' id='word_1_240' title='bbox 1319 2799 1360 2834; x_wconf 92' lang='lat' dir='ltr'>us</span> <span class='ocrx_word' id='word_1_241' title='bbox 1378 2798 1405 2839; x_wconf 82' lang='lat' dir='ltr'>eo</span> 
     </span>
    </p>
   </div>
   <div class='ocr_carea' id='block_1_7' title="bbox 93 2846 1361 2980">
    <p class='ocr_par' dir='ltr' id='par_1_10' title="bbox 93 2846 1361 2980">
     <span class='ocr_line' id='line_1_30' title="bbox 93 2846 1361 2973; baseline 0.005 -73"><span class='ocrx_word' id='word_1_242' title='bbox 93 2861 160 2901; x_wconf 76' lang='lat' dir='ltr'>Mars.</span> <span class='ocrx_word' id='word_1_243' title='bbox 171 2861 224 2911; x_wconf 69' lang='lat' dir='ltr'>opp.</span> <span class='ocrx_word' id='word_1_244' title='bbox 235 2846 518 2973; x_wconf 47' lang='lat' dir='ltr'>ledpffitllmm&#39;</span> <span class='ocrx_word' id='word_1_245' title='bbox 538 2847 667 2915; x_wconf 83' lang='lat' dir='ltr'>quodm</span> <span class='ocrx_word' id='word_1_246' title='bbox 680 2846 753 2900; x_wconf 90' lang='lat' dir='ltr'>idem</span> <span class='ocrx_word' id='word_1_247' title='bbox 772 2851 835 2900; x_wconf 90' lang='lat' dir='ltr'>sunt</span> <span class='ocrx_word' id='word_1_248' title='bbox 853 2846 927 2915; x_wconf 91' lang='lat' dir='ltr'>quod</span> <span class='ocrx_word' id='word_1_249' title='bbox 944 2846 1074 2915; x_wconf 89' lang='lat' dir='ltr'>Norveni,</span> <span class='ocrx_word' id='word_1_250' title='bbox 1094 2846 1211 2901; x_wconf 81' lang='lat' dir='ltr'>Galliam</span> <span class='ocrx_word' id='word_1_251' title='bbox 1230 2851 1361 2918; x_wconf 80' lang='lat' dir='ltr'>graviter</span> 
     </span>
     <span class='ocr_line' id='line_1_31' title="bbox 234 2935 1358 2980; baseline 0.004 -8"><span class='ocrx_word' id='word_1_252' title='bbox 234 2937 263 2972; x_wconf 85' lang='lat' dir='ltr'>ru</span> <span class='ocrx_word' id='word_1_253' title='bbox 276 2935 305 2972; x_wconf 91' lang='lat' dir='ltr'>es</span> <span class='ocrx_word' id='word_1_254' title='bbox 367 2959 861 2977; x_wconf 88' lang='grc'><strong>............</strong></span> <span class='ocrx_word' id='word_1_255' title='bbox 899 2955 905 2966; x_wconf 90' lang='lat'><strong>·</strong></span> <span class='ocrx_word' id='word_1_256' title='bbox 944 2961 1358 2980; x_wconf 90' lang='grc'><strong>..........</strong></span> 
     </span>
    </p>
   </div>
   <div class='ocr_carea' id='block_1_8' title="bbox 146 3067 1406 3219">
    <p class='ocr_par' dir='ltr' id='par_1_11' title="bbox 146 3067 1406 3219">
     <span class='ocr_line' id='line_1_32' title="bbox 146 3067 1357 3144; baseline -0.002 -9"><span class='ocrx_word' id='word_1_257' title='bbox 146 3094 222 3141; x_wconf 65' lang='lat' dir='ltr'>alst.</span> <span class='ocrx_word' id='word_1_258' title='bbox 339 3078 423 3133; x_wconf 85' lang='lat' dir='ltr'>Anno</span> <span class='ocrx_word' id='word_1_259' title='bbox 453 3078 565 3133; x_wconf 89' lang='lat' dir='ltr'>Domini</span> <span class='ocrx_word' id='word_1_260' title='bbox 594 3076 750 3131; x_wconf 74' lang='lat' dir='ltr'>Dooonv.</span> <span class='ocrx_word' id='word_1_261' title='bbox 780 3076 945 3130; x_wconf 88' lang='lat' dir='ltr'>Benedictus</span> <span class='ocrx_word' id='word_1_262' title='bbox 980 3077 1125 3144; x_wconf 91' lang='lat' dir='ltr'>quidam</span> <span class='ocrx_word' id='word_1_263' title='bbox 1154 3076 1207 3130; x_wconf 81' lang='lat' dir='ltr'>fuit</span> <span class='ocrx_word' id='word_1_264' title='bbox 1238 3067 1357 3132; x_wconf 83' lang='lat' dir='ltr'>IIII¹¹⁸</span> 
     </span>
     <span class='ocr_line' id='line_1_33' title="bbox 180 3147 1406 3219; baseline 0.002 -16"><span class='ocrx_word' id='word_1_265' title='bbox 180 3149 377 3219; x_wconf 64' lang='lat' dir='ltr'>Sic-episcopus</span> <span class='ocrx_word' id='word_1_266' title='bbox 402 3149 650 3216; x_wconf 75' lang='lat' dir='ltr'>Cremonensisn,</span> <span class='ocrx_word' id='word_1_267' title='bbox 678 3152 859 3218; x_wconf 84' lang='lat' dir='ltr'>regnante</span> <span class='ocrx_word' id='word_1_268' title='bbox 880 3147 1027 3202; x_wconf 91' lang='lat' dir='ltr'>Lodovico</span> <span class='ocrx_word' id='word_1_269' title='bbox 1052 3149 1126 3201; x_wconf 89' lang='lat' dir='ltr'>fillio</span> <span class='ocrx_word' id='word_1_270' title='bbox 1150 3148 1280 3203; x_wconf 66' lang='lat' dir='ltr'>[rotharii</span> <span class='ocrx_word' id='word_1_271' title='bbox 1305 3153 1359 3206; x_wconf 92' lang='lat' dir='ltr'>in·</span> <span class='ocrx_word' id='word_1_272' title='bbox 1378 3174 1406 3216; x_wconf 67' lang='lat' dir='ltr'>ss</span> 
     </span>
    </p>
   </div>
   <div class='ocr_carea' id='block_1_9' title="bbox 79 3225 1357 3306">
    <p class='ocr_par' dir='ltr' id='par_1_12' title="bbox 79 3225 1357 3306">
     <span class='ocr_line' id='line_1_34' title="bbox 79 3225 1357 3306; baseline 0 -12"><span class='ocrx_word' id='word_1_273' title='bbox 79 3238 451 3306; x_wconf 60' lang='lat' dir='ltr'>mammaperatoriw.</span> <span class='ocrx_word' id='word_1_274' title='bbox 499 3237 582 3290; x_wconf 89' lang='lat' dir='ltr'>Anno</span> <span class='ocrx_word' id='word_1_275' title='bbox 613 3236 725 3289; x_wconf 89' lang='lat' dir='ltr'>Domini</span> <span class='ocrx_word' id='word_1_276' title='bbox 754 3233 926 3303; x_wconf 80' lang='lat' dir='ltr'>DOOGLVI,</span> <span class='ocrx_word' id='word_1_277' title='bbox 958 3239 989 3288; x_wconf 90' lang='lat' dir='ltr'>ut</span> <span class='ocrx_word' id='word_1_278' title='bbox 1019 3236 1159 3306; x_wconf 80' lang='lat' dir='ltr'>legitur</span> <span class='ocrx_word' id='word_1_279' title='bbox 1188 3225 1226 3287; x_wconf 82' lang='lat' dir='ltr'>in</span> <span class='ocrx_word' id='word_1_280' title='bbox 1261 3227 1357 3294; x_wconf 87' lang='lat' dir='ltr'>libro</span> 
     </span>
    </p>
   </div>
   <div class='ocr_carea' id='block_1_10' title="bbox 234 3313 1357 3465">
    <p class='ocr_par' dir='ltr' id='par_1_13' title="bbox 234 3313 1357 3465">
     <span class='ocr_line' id='line_1_35' title="bbox 234 3313 1357 3397; baseline -0.001 -23"><span class='ocrx_word' id='word_1_281' title='bbox 234 3313 417 3397; x_wconf 78' lang='lat' dir='ltr'>Voraginis</span> <span class='ocrx_word' id='word_1_282' title='bbox 440 3315 645 3396; x_wconf 72' lang='lat' dir='ltr'>ystoriarum</span> <span class='ocrx_word' id='word_1_283' title='bbox 676 3316 882 3389; x_wconf 70' lang='lat' dir='ltr'>Sanctorum,</span> <span class='ocrx_word' id='word_1_284' title='bbox 916 3324 1007 3393; x_wconf 91' lang='lat' dir='ltr'>quod</span> <span class='ocrx_word' id='word_1_285' title='bbox 1037 3325 1066 3378; x_wconf 91' lang='lat' dir='ltr'>in</span> <span class='ocrx_word' id='word_1_286' title='bbox 1095 3324 1240 3395; x_wconf 82' lang='lat' dir='ltr'>Magantia</span> <span class='ocrx_word' id='word_1_287' title='bbox 1271 3346 1357 3397; x_wconf 89' lang='lat' dir='ltr'>paro.</span> 
     </span>
     <span class='ocr_line' id='line_1_36' title="bbox 234 3394 1357 3465; baseline -0.003 -15"><span class='ocrx_word' id='word_1_288' title='bbox 234 3394 366 3450; x_wconf 77' lang='lat' dir='ltr'>chiensd</span> <span class='ocrx_word' id='word_1_289' title='bbox 387 3397 523 3465; x_wconf 80' lang='lat' dir='ltr'>malignus</span> <span class='ocrx_word' id='word_1_290' title='bbox 541 3396 651 3464; x_wconf 92' lang='lat' dir='ltr'>spiritus</span> <span class='ocrx_word' id='word_1_291' title='bbox 669 3396 787 3463; x_wconf 87' lang='lat' dir='ltr'>parietes</span> <span class='ocrx_word' id='word_1_292' title='bbox 806 3395 950 3449; x_wconf 91' lang='lat' dir='ltr'>domorum</span> <span class='ocrx_word' id='word_1_293' title='bbox 988 3439 1308 3457; x_wconf 82' lang='grc'>,,,,,,,,</span> <span class='ocrx_word' id='word_1_294' title='bbox 1350 3445 1357 3458; x_wconf 84' lang='grc'>,</span> 
     </span>
    </p>
   </div>
   <div class='ocr_carea' id='block_1_11' title="bbox 179 3537 1405 3682">
    <p class='ocr_par' dir='ltr' id='par_1_14' title="bbox 179 3537 1405 3682">
     <span class='ocr_line' id='line_1_37' title="bbox 179 3537 1405 3630; baseline -0.001 -39"><span class='ocrx_word' id='word_1_295' title='bbox 179 3592 204 3630; x_wconf 62' lang='lat' dir='ltr'>S,</span> <span class='ocrx_word' id='word_1_296' title='bbox 340 3537 457 3591; x_wconf 90' lang='lat' dir='ltr'>Huius</span> <span class='ocrx_word' id='word_1_297' title='bbox 476 3538 585 3591; x_wconf 90' lang='lat' dir='ltr'>etiam</span> <span class='ocrx_word' id='word_1_298' title='bbox 603 3541 767 3606; x_wconf 74' lang='lat' dir='ltr'>temporeo,</span> <span class='ocrx_word' id='word_1_299' title='bbox 786 3537 936 3591; x_wconf 85' lang='lat' dir='ltr'>scilicet</span> <span class='ocrx_word' id='word_1_300' title='bbox 955 3554 1045 3591; x_wconf 87' lang='lat' dir='ltr'>anno</span> <span class='ocrx_word' id='word_1_301' title='bbox 1064 3539 1232 3593; x_wconf 77' lang='lat' dir='ltr'>Dominio</span> <span class='ocrx_word' id='word_1_302' title='bbox 1255 3582 1261 3594; x_wconf 89' lang='lat'>.</span> <span class='ocrx_word' id='word_1_303' title='bbox 1284 3585 1289 3596; x_wconf 91' lang='grc'>,</span> <span class='ocrx_word' id='word_1_304' title='bbox 1312 3553 1356 3612; x_wconf 80' lang='lat' dir='ltr'>.r,</span> <span class='ocrx_word' id='word_1_305' title='bbox 1376 3565 1405 3606; x_wconf 75' lang='lat'>40</span> 
     </span>
     <span class='ocr_line' id='line_1_38' title="bbox 194 3603 1356 3682; baseline 0.004 -21"><span class='ocrx_word' id='word_1_306' title='bbox 194 3603 222 3631; x_wconf 53' lang='grc' dir='ltr'>’θ’</span> <span class='ocrx_word' id='word_1_307' title='bbox 234 3608 300 3662; x_wconf 92' lang='lat' dir='ltr'>duo</span> <span class='ocrx_word' id='word_1_308' title='bbox 320 3609 431 3663; x_wconf 86' lang='lat' dir='ltr'>fuerunt</span> <span class='ocrx_word' id='word_1_309' title='bbox 449 3609 569 3678; x_wconf 88' lang='lat' dir='ltr'>episcopi</span> <span class='ocrx_word' id='word_1_310' title='bbox 587 3608 713 3678; x_wconf 81' lang='lat' dir='ltr'>gloriossi</span> <span class='ocrx_word' id='word_1_311' title='bbox 731 3609 760 3662; x_wconf 90' lang='lat' dir='ltr'>in</span> <span class='ocrx_word' id='word_1_312' title='bbox 777 3609 942 3677; x_wconf 88' lang='lat' dir='ltr'>Lonbardia,</span> <span class='ocrx_word' id='word_1_313' title='bbox 966 3627 1054 3662; x_wconf 91' lang='lat' dir='ltr'>unus</span> <span class='ocrx_word' id='word_1_314' title='bbox 1079 3610 1219 3663; x_wconf 90' lang='lat' dir='ltr'>nomine</span> <span class='ocrx_word' id='word_1_315' title='bbox 1238 3609 1356 3682; x_wconf 91' lang='lat' dir='ltr'>Paulus,</span> 
     </span>
    </p>
   </div>
   <div class='ocr_carea' id='block_1_12' title="bbox 231 3786 1404 4106">
    <p class='ocr_par' dir='ltr' id='par_1_15' title="bbox 231 3786 1404 4106">
     <span class='ocr_line' id='line_1_39' title="bbox 339 3786 1355 3840; baseline 0.003 -14"><span class='ocrx_word' id='word_1_316' title='bbox 339 3788 361 3838; x_wconf 89' lang='lat' dir='ltr'>a)</span> <span class='ocrx_word' id='word_1_317' title='bbox 379 3788 410 3826; x_wconf 82' lang='lat' dir='ltr'>sie</span> <span class='ocrx_word' id='word_1_318' title='bbox 423 3787 463 3840; x_wconf 59' lang='lat' dir='ltr'>(sp)</span> <span class='ocrx_word' id='word_1_319' title='bbox 479 3800 506 3837; x_wconf 74' lang='lat' dir='ltr'>a,</span> <span class='ocrx_word' id='word_1_320' title='bbox 521 3789 577 3837; x_wconf 76' lang='lat' dir='ltr'>qued</span> <span class='ocrx_word' id='word_1_321' title='bbox 591 3788 703 3826; x_wconf 80' lang='lat' dir='ltr'>delendum</span> <span class='ocrx_word' id='word_1_322' title='bbox 716 3792 753 3827; x_wconf 88' lang='lat' dir='ltr'>est.</span> <span class='ocrx_word' id='word_1_323' title='bbox 822 3789 844 3838; x_wconf 91' lang='lat' dir='ltr'>b)</span> <span class='ocrx_word' id='word_1_324' title='bbox 863 3789 894 3826; x_wconf 87' lang='lat' dir='ltr'>eie</span> <span class='ocrx_word' id='word_1_325' title='bbox 907 3798 951 3836; x_wconf 84' lang='lat' dir='ltr'>pro</span> <span class='ocrx_word' id='word_1_326' title='bbox 965 3786 1086 3827; x_wconf 79' lang='lat' dir='ltr'>Doocxn.</span> <span class='ocrx_word' id='word_1_327' title='bbox 1104 3800 1122 3827; x_wconf 84' lang='lat' dir='ltr'>e.</span> <span class='ocrx_word' id='word_1_328' title='bbox 1190 3789 1209 3837; x_wconf 85' lang='lat' dir='ltr'>e)</span> <span class='ocrx_word' id='word_1_329' title='bbox 1228 3789 1251 3826; x_wconf 82' lang='lat' dir='ltr'>irs</span> <span class='ocrx_word' id='word_1_330' title='bbox 1265 3801 1355 3840; x_wconf 63' lang='lat' dir='ltr'>maru..-</span> 
     </span>
     <span class='ocr_line' id='line_1_40' title="bbox 232 3840 1353 3901; baseline 0.004 -21"><span class='ocrx_word' id='word_1_331' title='bbox 232 3840 291 3880; x_wconf 85' lang='lat' dir='ltr'>Note</span> <span class='ocrx_word' id='word_1_332' title='bbox 305 3841 333 3880; x_wconf 89' lang='lat' dir='ltr'>de</span> <span class='ocrx_word' id='word_1_333' title='bbox 347 3841 416 3880; x_wconf 86' lang='lat' dir='ltr'>tercio</span> <span class='ocrx_word' id='word_1_334' title='bbox 431 3842 536 3891; x_wconf 86' lang='lat' dir='ltr'>episcopo</span> <span class='ocrx_word' id='word_1_335' title='bbox 551 3840 652 3881; x_wconf 76' lang='lat' dir='ltr'>cremori.</span> <span class='ocrx_word' id='word_1_336' title='bbox 708 3841 730 3892; x_wconf 91' lang='lat' dir='ltr'>d)</span> <span class='ocrx_word' id='word_1_337' title='bbox 749 3843 779 3880; x_wconf 86' lang='lat' dir='ltr'>sic</span> <span class='ocrx_word' id='word_1_338' title='bbox 793 3853 811 3880; x_wconf 84' lang='lat' dir='ltr'>e.</span> <span class='ocrx_word' id='word_1_339' title='bbox 832 3882 836 3901; x_wconf 58' lang='grc' dir='ltr'>Ι</span> <span class='ocrx_word' id='word_1_340' title='bbox 868 3840 889 3891; x_wconf 89' lang='lat' dir='ltr'>e)</span> <span class='ocrx_word' id='word_1_341' title='bbox 907 3841 977 3889; x_wconf 89' lang='lat' dir='ltr'>primo</span> <span class='ocrx_word' id='word_1_342' title='bbox 992 3844 1044 3888; x_wconf 84' lang='lat' dir='ltr'>post</span> <span class='ocrx_word' id='word_1_343' title='bbox 1062 3842 1106 3880; x_wconf 84' lang='lat' dir='ltr'>alie</span> <span class='ocrx_word' id='word_1_344' title='bbox 1121 3845 1241 3880; x_wconf 81' lang='lat' dir='ltr'>atramento</span> <span class='ocrx_word' id='word_1_345' title='bbox 1257 3842 1285 3880; x_wconf 78' lang='lat' dir='ltr'>ab</span> <span class='ocrx_word' id='word_1_346' title='bbox 1299 3845 1353 3885; x_wconf 74' lang='lat' dir='ltr'>Ale.</span> 
     </span>
     <span class='ocr_line' id='line_1_41' title="bbox 232 3893 1353 3946; baseline -0.003 -14"><span class='ocrx_word' id='word_1_347' title='bbox 232 3895 304 3942; x_wconf 80' lang='lat' dir='ltr'>suppl.</span> <span class='ocrx_word' id='word_1_348' title='bbox 346 3894 467 3943; x_wconf 63' lang='lat' dir='ltr'>opactum</span> <span class='ocrx_word' id='word_1_349' title='bbox 480 3895 533 3942; x_wconf 81' lang='lat' dir='ltr'>dipl.</span> <span class='ocrx_word' id='word_1_350' title='bbox 581 3893 603 3944; x_wconf 79' lang='lat' dir='ltr'>g)</span> <span class='ocrx_word' id='word_1_351' title='bbox 616 3904 644 3933; x_wconf 86' lang='lat' dir='ltr'>ue</span> <span class='ocrx_word' id='word_1_352' title='bbox 659 3904 669 3932; x_wconf 88' lang='lat' dir='ltr'>e</span> <span class='ocrx_word' id='word_1_353' title='bbox 682 3905 739 3934; x_wconf 87' lang='lat' dir='ltr'>corr.</span> <span class='ocrx_word' id='word_1_354' title='bbox 788 3895 811 3946; x_wconf 89' lang='lat' dir='ltr'>h)</span> <span class='ocrx_word' id='word_1_355' title='bbox 826 3905 854 3942; x_wconf 88' lang='lat' dir='ltr'>po</span> <span class='ocrx_word' id='word_1_356' title='bbox 869 3905 892 3942; x_wconf 65' lang='lat' dir='ltr'>v}</span> <span class='ocrx_word' id='word_1_357' title='bbox 903 3897 954 3942; x_wconf 86' lang='lat' dir='ltr'>pest</span> <span class='ocrx_word' id='word_1_358' title='bbox 968 3894 1026 3932; x_wconf 84' lang='lat' dir='ltr'>lima</span> <span class='ocrx_word' id='word_1_359' title='bbox 1035 3895 1142 3942; x_wconf 78' lang='lat' dir='ltr'>perducta</span> <span class='ocrx_word' id='word_1_360' title='bbox 1155 3895 1217 3934; x_wconf 83' lang='lat' dir='ltr'>delet.</span> <span class='ocrx_word' id='word_1_361' title='bbox 1266 3896 1283 3943; x_wconf 91' lang='lat' dir='ltr'>i)</span> <span class='ocrx_word' id='word_1_362' title='bbox 1298 3907 1353 3937; x_wconf 82' lang='lat' dir='ltr'>cen.</span> 
     </span>
     <span class='ocr_line' id='line_1_42' title="bbox 232 3945 1404 4001; baseline 0.003 -15"><span class='ocrx_word' id='word_1_363' title='bbox 232 3951 279 3985; x_wconf 91' lang='lat' dir='ltr'>tum</span> <span class='ocrx_word' id='word_1_364' title='bbox 293 3947 424 3986; x_wconf 87' lang='lat' dir='ltr'>cellischere</span> <span class='ocrx_word' id='word_1_365' title='bbox 439 3959 457 3987; x_wconf 86' lang='lat' dir='ltr'>e.</span> <span class='ocrx_word' id='word_1_366' title='bbox 505 3948 529 3998; x_wconf 80' lang='lat' dir='ltr'>k)</span> <span class='ocrx_word' id='word_1_367' title='bbox 544 3947 701 3986; x_wconf 88' lang='lat' dir='ltr'>Manturanum</span> <span class='ocrx_word' id='word_1_368' title='bbox 715 3949 768 3996; x_wconf 76' lang='lat' dir='ltr'>dipl.</span> <span class='ocrx_word' id='word_1_369' title='bbox 818 3947 834 3997; x_wconf 94' lang='lat' dir='ltr'>l)</span> <span class='ocrx_word' id='word_1_370' title='bbox 849 3945 935 3987; x_wconf 84' lang='lat' dir='ltr'>Theod.</span> <span class='ocrx_word' id='word_1_371' title='bbox 951 3947 1156 3986; x_wconf 84' lang='lat' dir='ltr'>nomenculatorem</span> <span class='ocrx_word' id='word_1_372' title='bbox 1169 3948 1225 3996; x_wconf 82' lang='lat' dir='ltr'>dipl.</span> <span class='ocrx_word' id='word_1_373' title='bbox 1272 3950 1305 4001; x_wconf 93' lang='lat' dir='ltr'>m)</span> <span class='ocrx_word' id='word_1_374' title='bbox 1319 3952 1355 3991; x_wconf 82' lang='lat' dir='ltr'>sie</span> <span class='ocrx_word' id='word_1_375' title='bbox 1374 3956 1404 3996; x_wconf 69' lang='lat'>45</span> 
     </span>
     <span class='ocr_line' id='line_1_43' title="bbox 233 3997 1352 4052; baseline 0.005 -14"><span class='ocrx_word' id='word_1_376' title='bbox 233 4000 266 4050; x_wconf 58' lang='lat' dir='ltr'>(a)</span> <span class='ocrx_word' id='word_1_377' title='bbox 279 4012 312 4048; x_wconf 84' lang='lat' dir='ltr'>r.,·</span> <span class='ocrx_word' id='word_1_378' title='bbox 326 4001 364 4049; x_wconf 86' lang='lat' dir='ltr'>qui</span> <span class='ocrx_word' id='word_1_379' title='bbox 377 4001 468 4041; x_wconf 80' lang='lat' dir='ltr'>Martie.</span> <span class='ocrx_word' id='word_1_380' title='bbox 528 4001 552 4052; x_wconf 90' lang='lat' dir='ltr'>n)</span> <span class='ocrx_word' id='word_1_381' title='bbox 567 4001 657 4041; x_wconf 74' lang='lat' dir='ltr'>cremori</span> <span class='ocrx_word' id='word_1_382' title='bbox 669 4012 686 4043; x_wconf 87' lang='lat' dir='ltr'>e.</span> <span class='ocrx_word' id='word_1_383' title='bbox 745 4000 767 4051; x_wconf 93' lang='lat' dir='ltr'>o)</span> <span class='ocrx_word' id='word_1_384' title='bbox 781 4001 805 4037; x_wconf 86' lang='lat' dir='ltr'>in</span> <span class='ocrx_word' id='word_1_385' title='bbox 818 4011 902 4049; x_wconf 63' lang='lat' dir='ltr'>marm:</span> <span class='ocrx_word' id='word_1_386' title='bbox 915 3997 974 4039; x_wconf 81' lang='lat' dir='ltr'>Nota</span> <span class='ocrx_word' id='word_1_387' title='bbox 988 4000 1016 4039; x_wconf 90' lang='lat' dir='ltr'>de</span> <span class='ocrx_word' id='word_1_388' title='bbox 1030 4005 1109 4048; x_wconf 89' lang='lat' dir='ltr'>quarto</span> <span class='ocrx_word' id='word_1_389' title='bbox 1125 4001 1230 4050; x_wconf 88' lang='lat' dir='ltr'>episeopo</span> <span class='ocrx_word' id='word_1_390' title='bbox 1244 4000 1352 4047; x_wconf 73' lang='lat' dir='ltr'>Gremoir.</span> 
     </span>
     <span class='ocr_line' id='line_1_44' title="bbox 231 4054 1323 4106; baseline 0.004 -13"><span class='ocrx_word' id='word_1_391' title='bbox 231 4055 254 4102; x_wconf 85' lang='lat' dir='ltr'>p)</span> <span class='ocrx_word' id='word_1_392' title='bbox 269 4064 312 4104; x_wconf 73' lang='lat' dir='ltr'>sep.</span> <span class='ocrx_word' id='word_1_393' title='bbox 327 4055 370 4093; x_wconf 89' lang='lat' dir='ltr'>duo</span> <span class='ocrx_word' id='word_1_394' title='bbox 385 4054 434 4094; x_wconf 81' lang='lat' dir='ltr'>ruer</span> <span class='ocrx_word' id='word_1_395' title='bbox 448 4055 545 4097; x_wconf 82' lang='lat' dir='ltr'>deletam.</span> <span class='ocrx_word' id='word_1_396' title='bbox 599 4054 826 4106; x_wconf 61' lang='lat' dir='ltr'>prepossitum.</span> <span class='ocrx_word' id='word_1_397' title='bbox 881 4054 901 4105; x_wconf 90' lang='lat' dir='ltr'>r)</span> <span class='ocrx_word' id='word_1_398' title='bbox 915 4054 1010 4102; x_wconf 80' lang='lat' dir='ltr'>spatium</span> <span class='ocrx_word' id='word_1_399' title='bbox 1023 4064 1111 4093; x_wconf 84' lang='lat' dir='ltr'>numere</span> <span class='ocrx_word' id='word_1_400' title='bbox 1125 4055 1236 4093; x_wconf 82' lang='lat' dir='ltr'>inserendo</span> <span class='ocrx_word' id='word_1_401' title='bbox 1251 4061 1323 4098; x_wconf 82' lang='lat' dir='ltr'>vacat.</span> 
     </span>
    </p>
   </div>
   <div class='ocr_carea' id='block_1_13' title="bbox 227 4194 1402 4463">
    <p class='ocr_par' dir='ltr' id='par_1_16' title="bbox 227 4194 1402 4463">
     <span class='ocr_line' id='line_1_45' title="bbox 338 4194 1351 4264; baseline 0.003 -15"><span class='ocrx_word' id='word_1_402' title='bbox 338 4197 364 4262; x_wconf 90' lang='lat'>1)</span> <span class='ocrx_word' id='word_1_403' title='bbox 394 4195 509 4248; x_wconf 86' lang='lat' dir='ltr'>barbam</span> <span class='ocrx_word' id='word_1_404' title='bbox 536 4226 572 4234; x_wconf 97' lang='lat'><em>-</em></span> <span class='ocrx_word' id='word_1_405' title='bbox 599 4194 725 4248; x_wconf 87' lang='lat' dir='ltr'>deferens</span> <span class='ocrx_word' id='word_1_406' title='bbox 755 4194 880 4246; x_wconf 76' lang='lat' dir='ltr'>Alterius</span> <span class='ocrx_word' id='word_1_407' title='bbox 909 4211 942 4246; x_wconf 77' lang='lat' dir='ltr'>ea</span> <span class='ocrx_word' id='word_1_408' title='bbox 971 4195 1090 4247; x_wconf 75' lang='lat' dir='ltr'>Martini</span> <span class='ocrx_word' id='word_1_409' title='bbox 1119 4194 1216 4264; x_wconf 84' lang='lat' dir='ltr'>Oppav.</span> <span class='ocrx_word' id='word_1_410' title='bbox 1247 4196 1351 4252; x_wconf 73' lang='lat' dir='ltr'>Oleros.</span> 
     </span>
     <span class='ocr_line' id='line_1_46' title="bbox 227 4265 1352 4335; baseline -0.006 -15"><span class='ocrx_word' id='word_1_411' title='bbox 227 4281 257 4331; x_wconf 79' lang='lat' dir='ltr'>p.</span> <span class='ocrx_word' id='word_1_412' title='bbox 270 4267 330 4320; x_wconf 88' lang='lat'>461.</span> <span class='ocrx_word' id='word_1_413' title='bbox 350 4270 472 4319; x_wconf 81' lang='lat' dir='ltr'>irsermit.</span> <span class='ocrx_word' id='word_1_414' title='bbox 580 4265 607 4335; x_wconf 80' lang='lat'>2)</span> <span class='ocrx_word' id='word_1_415' title='bbox 634 4266 745 4317; x_wconf 83' lang='lat' dir='ltr'>Pactam</span> <span class='ocrx_word' id='word_1_416' title='bbox 769 4265 921 4317; x_wconf 81' lang='lat' dir='ltr'>Hiadowioi</span> <span class='ocrx_word' id='word_1_417' title='bbox 938 4265 985 4317; x_wconf 87' lang='lat' dir='ltr'>Pii</span> <span class='ocrx_word' id='word_1_418' title='bbox 1002 4266 1128 4319; x_wconf 79' lang='lat' dir='ltr'>Alterius</span> <span class='ocrx_word' id='word_1_419' title='bbox 1152 4270 1287 4333; x_wconf 81' lang='lat' dir='ltr'>irateprom</span> <span class='ocrx_word' id='word_1_420' title='bbox 1306 4271 1352 4322; x_wconf 81' lang='lat' dir='ltr'>de.</span> 
     </span>
     <span class='ocr_line' id='line_1_47' title="bbox 230 4337 1402 4463; baseline 0.004 -75"><span class='ocrx_word' id='word_1_421' title='bbox 230 4339 346 4463; x_wconf 49' lang='grc' dir='ltr'>ζσῖίῑέεὲίέ</span> <span class='ocrx_word' id='word_1_422' title='bbox 375 4339 473 4390; x_wconf 83' lang='lat' dir='ltr'>editum</span> <span class='ocrx_word' id='word_1_423' title='bbox 497 4338 555 4392; x_wconf 87' lang='lat' dir='ltr'>LL.</span> <span class='ocrx_word' id='word_1_424' title='bbox 581 4339 666 4405; x_wconf 84' lang='lat' dir='ltr'>Capit.</span> <span class='ocrx_word' id='word_1_425' title='bbox 686 4337 710 4403; x_wconf 85' lang='lat' dir='ltr'>I,</span> <span class='ocrx_word' id='word_1_426' title='bbox 734 4352 762 4402; x_wconf 90' lang='lat' dir='ltr'>p.</span> <span class='ocrx_word' id='word_1_427' title='bbox 785 4339 943 4402; x_wconf 73' lang='lat' dir='ltr'>ess—355,</span> <span class='ocrx_word' id='word_1_428' title='bbox 971 4340 1100 4405; x_wconf 82' lang='lat' dir='ltr'>nr.172;</span> <span class='ocrx_word' id='word_1_429' title='bbox 1129 4338 1191 4404; x_wconf 77' lang='lat' dir='ltr'>Rep.</span> <span class='ocrx_word' id='word_1_430' title='bbox 1219 4338 1288 4407; x_wconf 89' lang='lat' dir='ltr'>Imp.</span> <span class='ocrx_word' id='word_1_431' title='bbox 1309 4341 1330 4393; x_wconf 95' lang='lat' dir='ltr'><strong><em>I</em></strong></span> <span class='ocrx_word' id='word_1_432' title='bbox 1332 4341 1352 4409; x_wconf 82' lang='lat'>²,</span> <span class='ocrx_word' id='word_1_433' title='bbox 1372 4364 1402 4404; x_wconf 69' lang='grc' dir='ltr'><em>ω</em></span> 
     </span>
    </p>
   </div>
   <div class='ocr_carea' id='block_1_14' title="bbox 0 0 1456 4928">
    <p class='ocr_par' dir='ltr' id='par_1_17' title="bbox 0 0 1456 4928">
     <span class='ocr_line' id='line_1_48' title="bbox 0 0 1456 4928; baseline 0 1"><span class='ocrx_word' id='word_1_434' title='bbox 0 0 1456 4928; x_wconf 95' lang='lat' dir='ltr'> </span> 
     </span>
    </p>
   </div>
  </div>
 </body>
</html>
