2904 4928
370 431 538 489 GRONIGA
556 432 727 488 ALBERTI
745 433 795 487 DE
813 434 985 490 BEZANIS.
1199 438 1232 491 61

128 613 242 678 tempme
257 608 475 678 Rodulphus
492 628 542 665 rex
557 609 746 664 Romanorum
765 614 793 664 et
807 628 857 664 rex
873 611 1041 664 Francorum
1060 629 1123 666 cum
1140 612 1308 669 multiarrars.
1319 630 1375 678 opp.

128 679 266 734 baronibus
283 696 335 747 pro
354 680 474 734 subsidio
493 681 577 735 Terre
596 681 695 735 Sancte
714 699 794 734 cruce
813 682 913 750 signati
930 682 944 735 f
948 688 1089 738 uerunt.
1178 683 1233 737 Hic

126 767 190 819 papa
206 750 259 803 fuit
277 751 347 805 mire
366 752 533 819 experientia
552 753 580 805 in
599 752 773 815 secularibus,
793 770 843 805 nec
861 752 1022 805 intendebat
1039 755 1233 821 peccuniamm

126 820 214 946 lirosa,
242 824 283 875 set
310 838 476 890 pauperrum
504 823 664 878 elemosinis.
710 822 838 876 Mortuus
871 827 911 876 est
937 823 1028 877 Aretii
1055 828 1084 878 et
1110 826 1233 893 sepultus

57 907 85 946 5
125 909 227 949 nem.

224 987 327 1050 Anno
362 987 503 1051 Domini
537 987 776 1052 M⁰OOLXXL
808 988 862 1051 die
893 988 970 1050 XX.
1001 987 1076 1050 Ian.
1112 989 1232 1054 Frater
1244 971 1320 1024 ¹2⁷2·

124 1074 237 1138 Fatius
248 1073 269 1152 1,
299 1074 495 1140 venerabile
519 1097 651 1160 corpus,
683 1076 794 1139 fidelis
824 1096 939 1141 servus
963 1076 1039 1154 Dei,
1071 1039 1336 1160 migravitlan'w'

124 1163 160 1227 de
183 1162 248 1228 hoc
273 1165 434 1228 mondoa.

223 1263 321 1317 *Anno
349 1264 461 1317 Domini
491 1263 713 1347 M⁰OGLXXVL
741 1263 918 1318 Innocentius
949 1264 1104 1348 quintusb„
1121 1265 1232 1319 natione
1242 1249 1323 1354 ἷὲἐᾷξ

40 1346 96 1385 10
123 1333 280 1403 Burgondus
299 1334 353 1388 dee
371 1334 582 1402 censumar,
607 1354 647 1389 ex
665 1340 769 1404 patre
796 1378 885 1391 .....
892 1345 919 1403 0,
944 1340 1125 1389 aucoessrt
1145 1335 1374 1406 Gra-Marassa.

123 1422 222 1490 gorio
247 1420 289 1475 Χο
308 1439 400 1491 papo
423 1417 567 1477 vacante
591 1413 733 1496 inperio,
757 1423 815 1491 qui
842 1423 912 1476 sedit
936 1424 1074 1478 mensibus
1091 1423 1126 1494 V,
1146 1424 1172 1479 d.
1191 1423 1231 1491 H,

124 1496 147 1545 et
162 1492 278 1547 cessavit
295 1498 411 1562 papatus
430 1494 581 1550 d.XVIII.
679 1494 747 1548 Hic
765 1494 999 1548 inocentiusf
1015 1511 1107 1563 papa
1127 1499 1232 1548 antea

123 1564 319 1618 vocabatur
345 1607 456 1621 .....
464 1575 491 1632 θ,
517 1583 533 1618 a
557 1565 675 1633 pueritia
701 1566 792 1618 enim
818 1565 847 1617 in
870 1565 987 1619 ordines
1003 1565 1118 1618 fratrum
1137 1565 1232 1619 Predi·

123 1638 240 1688 catorum
259 1635 377 1689 existens
395 1635 492 1689 doctor
510 1637 538 1689 in
557 1654 632 1690 sacra
651 1637 785 1704 scriptura
804 1635 917 1689 eximius
937 1635 1064 1692 efficitur.
1101 1636 1232 1690 Deinde

46 1714 97 1754 15
123 1704 147 1756 in
170 1705 405 1775 archiepiscopum
430 1707 644 1776 Lugdunensem
670 1710 697 1760 et
722 1710 784 1775 post
808 1707 837 1759 in
863 1707 1021 1775 episcopum
1046 1706 1231 1774 Hostiensem,

123 1775 226 1829 taudem
252 1776 282 1829 in
306 1794 442 1829 summum
467 1777 625 1846 pontificem
651 1779 790 1832 asumitur.
898 1776 953 1831 Hic
975 1778 1041 1831 licet
1065 1778 1151 1830 multa
1169 1794 1232 1846 pro·

123 1847 249 1913 posuisset
267 1846 370 1916 facere,
396 1852 484 1902 morte
502 1854 649 1917 preventus
667 1849 705 1901 nil
724 1848 846 1902 notabile
864 1847 937 1902 fecit.
1045 1847 1172 1902 Mortuus
1191 1851 1232 1901 est

123 1916 204 1971 Rome
223 1918 299 1972 etin
317 1918 495 1972 Lateranensi
514 1920 629 1973 ecclesia
646 1917 828 1988 seppcliturh.

221 2006 318 2060 *Anno
342 2007 454 2060 Domini
478 2007 703 2061 M⁰OOLXXVL
739 2007 878 2061 Adrianus
891 2006 949 2061 V¹1s
969 2005 1093 2075 papai,
1118 2007 1230 2060 natione
1240 2016 1269 2062 *a
1281 2018 1337 2058 ηδ’.

53 2080 102 2124 20
122 2073 264 2144 Ianucnsis,
284 2094 325 2130 ex
343 2082 447 2145 patre
467 2121 578 2135 .....
586 2088 613 2144 θ,
639 2078 728 2132 Rome
747 2077 858 2148 eligitur
875 2079 904 2131 in
922 2078 1024 2146 palatio
1043 2077 1230 2145 Lateranensi‚

123 2147 175 2213 qui
199 2147 270 2201 sedit
288 2165 382 2201 mense
401 2166 455 2202 uno
475 2152 502 2202 et
521 2149 546 2205 d.
560 2148 692 2216 V11110r,
719 2153 746 2202 et
771 2149 885 2202 cessavit
909 2154 1025 2217 papatus
1044 2149 1070 2203 d.
1083 2147 1229 2216 XXVIII;

123 2235 176 2302 qui
193 2236 376 2289 successit
393 2235 638 2291 Innocentiof
659 2237 788 2305 quinto
813 2255 903 2305 pape
930 2229 1074 2288 vacante
1096 2224 1230 2307 inperio

124 2305 184 2392 [effu
201 2312 272 2375 fuit
296 2313 338 2376 de
363 2314 545 2377 comitibus
562 2314 712 2377 Lavanie
732 2314 774 2378 de
791 2309 924 2395 Fliscoi.
1015 2323 1072 2378 Iste
1091 2324 1232 2377 Adrianus

121 2410 199 2464 nepos
217 2394 377 2449 Inocentiif
399 2397 489 2465 quarti
514 2413 605 2464 pape
631 2401 658 2449 et
684 2397 718 2450 ab
743 2397 802 2465 ipso
820 2396 849 2449 in
868 2396 1035 2450 cardinalem
1053 2395 1127 2448 tituli
1145 2395 1232 2448 sancti

61 2467 103 2512 ²5
121 2462 249 2519 Adrianil
274 2470 432 2534 promotus,
458 2484 474 2520 a
499 2467 610 2520 domino
636 2466 777 2521 Clemente
801 2466 895 2520 ΙΙΙΙῑ0
915 2468 1021 2536 legatus
1045 2466 1075 2518 iu
1099 2466 1146 2519 An
1165 2465 1232 2519 liam

121 2550 166 2603 pro
184 2553 293 2606 guerra,
319 2553 372 2604 que
391 2537 514 2591 ibidem
533 2538 716 2608 interregem
737 2542 763 2591 et
781 2538 897 2592 barones
915 2542 976 2591 orta
994 2536 1092 2607 fuerat,
1112 2485 1232 2591 sedanda

121 2607 210 2660 missus
235 2607 296 2662 fuit.
421 2607 477 2661 Hic
501 2625 574 2677 papa
598 2609 690 2662 statim
716 2609 947 2676 constitutionem,
973 2626 1056 2676 quam
1075 2625 1146 2677 papa
1165 2608 1232 2662 Gre-

121 2677 207 2744 gorius
224 2677 283 2733 Xus
304 2678 333 2731 in
352 2679 467 2732 concilio
482 2679 661 2748 Lugdunenei
679 2680 714 2732 de
732 2680 903 2734 restrictione
922 2680 1101 2734 cardinalium
1118 2682 1232 2747 propter

121 2747 278 2802 electionem
296 2748 396 2801 summi
414 2749 550 2817 pontificis
569 2750 701 2820 ediderat,
726 2751 875 2819 suspendit,
897 2767 1053 2820 proponens
1072 2766 1132 2803 eam
1152 2749 1232 2802 aliter

67 2820 106 2866 ³0
121 2819 250 2890 ordinare,
276 2823 318 2872 set
342 2824 431 2872 morte
455 2825 601 2888 preventus
626 2821 847 2875 constitutionem
873 2823 911 2875 sio
936 2837 1094 2888 suspensam
1112 2819 1230 2887 reliquit.

120 2887 182 2945 Hic
199 2907 293 2960 papa
305 2889 424 2943 Viterbii
438 2892 554 2945 moritur
573 2895 600 2944 et
618 2890 804 2958 seppeliturffl.

219 2977 316 3031 *Anno
335 2977 447 3031 Domini
465 2977 712 3032 M⁰OO⁰LXX⁰VL
740 2977 975 3030 IohanesXXI¹1⁸
995 2987 1101 3057 papan,
1118 2966 1230 3030 natione
1240 2962 1335 3066 ἷὲὰῖῗ)

123 3045 251 3117 Yspanus,
277 3065 317 3102 ex
335 3052 439 3116 patre
459 3091 548 3106 .....
555 3059 581 3116 0,
607 3047 787 3102 successit
805 3047 969 3100 Adriano
991 3048 1120 3114 quinto
1138 3062 1229 3114 pape

70 3267 105 3312 as
119 3226 246 3319 statuti
256 3226 341 3320 ,egea
350 3229 515 3331 statut
526 3228 572 3318 ¹2⁷5
586 3226 859 3318 §tutatust
873 3229 979 3327 ”lali⁸
995 3225 1018 3273 u
1030 3224 1059 3317 A
1069 3225 1230 3317 ttulit:

120 3332 207 3377 (duatus
220 3310 303 3371 latua
312 3334 388 3381 mosia)
403 3333 447 3371 ium
461 3334 485 3371 in
498 3307 544 3372 idco
558 3344 609 3372 raso
623 3289 838 3381 dormtumfdstffl
850 3309 854 3320 ¹
865 3332 885 3383 e)
904 3289 1100 3381 aatsuiai'numsns
1114 3319 1230 3370 inserendo

119 3389 181 3427 mot.
237 3386 299 3434 nats
312 3386 361 3425 lul.
377 3398 394 3427 c.
448 3387 470 3437 g)
484 3396 526 3434 seq.
541 3386 572 3424 im
586 3387 647 3425 delet.
712 3386 735 3436 h)
749 3385 833 3434 reliqua
842 3395 899 3434 para
912 3386 1087 3435 maturescimus
1100 3384 1147 3424 178.
1162 3387 1231 3423 rectae

119 3442 184 3479 west.
247 3439 264 3489 i)
282 3438 306 3477 in
319 3449 403 3487 mura:
417 3440 479 3488 Papa
493 3437 605 3478 Adrianus
619 3439 667 3479 Ψ.
722 3437 745 3490 k)
762 3439 822 3476 uncis
835 3439 919 3477 inclusa
932 3439 956 3476 s'n
969 3449 1038 3487 maro.
1052 3439 1078 3476 ab
1092 3437 1143 3477 Ast.
1158 3437 1229 3485 suppl.

119 3490 133 3538 l)
145 3488 264 3541 Andriaui,
275 3491 354 3540 priore
368 3503 382 3531 n
396 3495 500 3541 moneto
514 3502 571 3531 corr.
586 3489 682 3530 Adriani
695 3503 713 3533 c.
781 3491 812 3542 m)
830 3492 915 3540 reliqua
924 3501 981 3540 pora
994 3491 1065 3530 motor
1073 3491 1169 3540 minus
1182 3488 1230 3529 178.

69 3533 105 3580 40
119 3552 186 3583 rarsos
199 3548 268 3584 canoa
323 3545 346 3594 n)
365 3546 388 3582 ἐκ
401 3556 487 3593 marm:
500 3545 563 3594 Papa
575 3544 671 3584 Iobares
685 3544 766 3584 XXF'.

222 3687 249 3753 1)
273 3686 313 3738 De
337 3701 389 3752 qao
413 3688 470 3738 cide
487 3685 555 3737 Acta
573 3685 621 3740 SS.
641 3687 701 3740 Ion.
720 3686 760 3752 ΙΙ,
778 3702 805 3752 p.
818 3687 919 3751 2108q.
957 3684 997 3748 Cf.
1016 3683 1093 3736 Naar.
1117 3684 1232 3734 maioris

118 3756 393 3894 aalma
412 3757 694 3882 {testato
716 3754 1230 3892 tattsatsttsttutt

118 3897 204 3951 nante
222 3869 353 3949 Ianuario
371 3870 457 3950 frater
474 3870 581 3964 Dacius,
607 3896 666 3949 auri
690 3843 844 3965 {iurganti
862 3895 981 3963 optimus
1000 3866 1164 3960 fabricator,
1181 3909 1229 3945 na·

73 3967 104 4012 ⁴⁵
118 3965 189 4022 tione
201 3967 376 4036 Veronensis,
395 3967 529 4021 Cremona
548 3967 582 4021 ab
601 3967 786 4021 adolescentia
805 3983 854 4018 sua
871 3966 998 4032 nutritus,
1017 3964 1051 4018 de
1063 3964 1116 4017 hoc
1128 3963 1229 4032 seculo,

118 4035 143 4089 in
167 4054 222 4107 quo
248 4055 298 4106 per
323 4038 520 4106 quinquaginta
545 4054 630 4091 anuos
655 4041 683 4091 et
707 4038 768 4105 plus
794 4053 923 4106 magnam
948 4039 976 4088 et
994 4035 1107 4087 arduam
1126 4033 1230 4087 fecerat

118 4108 304 4231 plenilentiam,
315 4108 344 4160 in
356 4113 495 4162 senectute
506 4107 580 4191 bona
592 4108 718 4189 migravit
731 4107 766 4160 ad
777 4106 933 4229 Domizurm.
961 4104 1044 4158 Cuius
1056 4121 1154 4226 corfputs
1166 4108 1229 4171 post

119 4179 469 4317 lstttuttltttt?
484 4179 851 4316 ,turstatt
870 4192 1155 4312 astituat
1168 4216 1230 4311 'aba'

81 4317 105 4361 ⁶⁰
119 4318 169 4372 diss
197 4321 353 4387 sapuboroe
383 4323 526 4374 adnotatus
555 4322 640 4384 fassae
669 4321 785 4384 videar,
821 4334 880 4371 sum
916 4319 1091 4382 assumpsisse
1120 4317 1228 4370 emisio.

119 4388 144 4458 2)
160 4390 330 4443 Tarentosia
348 4392 596 4456 almasuinta,
614 4397 644 4442 ut
661 4391 776 4442 Martia.
797 4388 895 4455 Oppov.
914 4387 997 4442 hato.
