2904 4928
154 415 190 468 34
405 406 573 464 esemel
591 406 763 463 lassam
780 406 830 462 Dll
850 406 1025 465 seems.
1125 360 1128 365 ὁ

104 605 241 729 srapavgt
258 595 362 728 sititque
386 590 588 729 dgffflffl·
628 676 641 726 t
688 601 786 656 Dein
790 601 823 726 M
823 619 936 727 adffli
961 574 1073 728 Dzniipi
1094 603 1277 733 Mylbxw,

157 691 384 816 kssmrlpugffi
401 714 458 799 set’
476 690 620 813 dtiildsiqird
634 690 691 797 fiii
707 690 1055 814 {diloreaefortuudlimtg
1064 693 1148 802 dadila
1174 695 1279 819 roffi
1353 740 1355 744 ¹

158 826 194 888 et
217 823 261 887 ab
283 823 479 907 inperatore
503 821 632 885 dictam
663 821 839 885 civitatem
862 821 1020 886 fonditus
1044 824 1220 890 destruxit
1243 830 1278 892 et

14 938 146 987 tranem.
157 911 344 996 extirpavit
362 922 406 976 de
424 919 537 975 menseb
554 919 661 976 Marcii.
692 919 834 988 Siquidem
846 921 918 975 muri
934 923 992 976 eius
1010 922 1135 978 altissimi
1153 924 1306 987 fonditusa

157 993 251 1048 suffusi
273 998 343 1062 sunt,
371 996 463 1046 cetera
480 991 517 1045 ad
534 991 655 1046 cinerem
672 991 786 1045 redacta
804 990 976 1049 fuerunt.
1012 993 1157 1050 Albanum
1183 1015 1278 1066 quo.

102 1079 146 1120 sse.
157 1081 227 1134 que
246 1082 262 1119 a
279 1063 413 1118 Romanis
431 1067 635 1116 concrematum
654 1067 696 1116 est
708 1060 760 1117 VI.
779 1060 846 1115 Idus
864 1062 987 1131 Aprillis.
1025 1064 1133 1120 Deinde
1156 1067 1186 1121 in
1210 1069 1277 1124 civi·

156 1135 260 1189 tatibus
277 1151 328 1205 pro
346 1150 395 1207 sua
413 1134 555 1188 voluntate
573 1132 714 1187 constituit
732 1133 943 1201 inperator
960 1138 1117 1204 potestates.
1156 1137 1220 1193 Hiis
1237 1140 1278 1195 ita

155 1206 300 1261 victoriose
318 1204 436 1274 peractis
454 1205 595 1272 inperator
612 1204 641 1257 in
659 1203 807 1257 Alamanie
824 1203 914 1260 rediit.
1048 1206 1189 1278 Tempore
1213 1228 1277 1280 pra-

155 1277 271 1331 cedente
288 1275 422 1330 Romanis
441 1274 644 1329 Tuschulanum
662 1274 885 1344 inpugnantibus,
907 1280 935 1329 et
956 1278 1126 1332 cancellariis
1145 1282 1176 1334 ia
1193 1283 1276 1346 farii-
1293 1301 1317 1340 ao

155 1349 260 1400 tudinis
286 1347 395 1400 Maelio
422 1363 483 1399 eam
511 1345 735 1413 defendentibus,
765 1361 829 1399 cum
856 1345 1045 1402 Romanorum
1073 1350 1164 1404 mults
1189 1353 1277 1407 millia

155 1417 325 1486 cecidissent,
353 1417 467 1472 festinus
494 1415 635 1485 inperator
661 1416 738 1469 venit
763 1414 799 1469 ad
825 1415 939 1475 Urbem.
1050 1419 1136 1475 Anno
1163 1421 1277 1478 Domini

154 1487 345 1544 mmuxvss.
363 1487 523 1542 Paschalem
548 1487 754 1556 antipapam
779 1491 813 1540 et
831 1487 1032 1543 heresiarcham
1050 1491 1125 1560 apud
1142 1491 1277 1548 Sanctum

155 1559 271 1614 Petrum
289 1560 318 1612 in
336 1559 401 1613 sede
418 1557 601 1625 intronizavit,
628 1558 749 1612 eciamve
771 1575 834 1612 cum
852 1558 971 1613 Romani
988 1561 1075 1614 sancti
1091 1561 1170 1617 Petri
1188 1566 1276 1620 eecle-

155 1631 224 1684 siam
241 1630 463 1698 incastellassent,
481 1645 537 1683 non
555 1627 696 1697 perferens
713 1628 862 1697 pacienter,
881 1630 981 1683 atrium
999 1631 1199 1701 prophananda
1212 1652 1277 1690 con·
1293 1652 1315 1694 ιδ

154 1701 256 1769 bussit;
285 1703 433 1770 propterea
459 1704 529 1753 nutu
547 1699 607 1766 Dei,
638 1698 686 1768 qui
712 1699 820 1753 nullum
846 1701 950 1753 malum
974 1702 1090 1769 preterit
1107 1704 1277 1773 inpunitum,

155 1788 251 1826 omnes
269 1788 339 1840 pene
359 1787 420 1824 suos
437 1771 614 1824 mortalitatis
631 1770 788 1840 pestilentia
805 1770 933 1840 perdidit.
969 1770 1019 1826 Set
1044 1777 1072 1826 et
1096 1780 1195 1830 contra
1212 1794 1278 1832 eum

155 1842 254 1896 eodem
281 1859 353 1896 anno
381 1841 504 1896 civitates
524 1841 636 1895 Ytalice
658 1841 908 1910 conspiraverunt,
927 1841 1117 1898 Mediolanum
1134 1847 1276 1903 rehediffi-

155 1917 257 1971 cantes.
292 1911 442 1966 Prodolor!
464 1912 547 1966 etiam
565 1913 614 1965 illa
635 1928 691 1966 non
709 1912 763 1966 fuit
781 1928 878 1981 expers
905 1914 1108 1984 coniurationis,
1134 1933 1222 1986 quam
1248 1920 1277 1973 in

156 1984 339 2038 archisummo
352 1983 531 2037 constituerat
544 1982 687 2051 alliarum;
706 1983 736 2036 in
747 2000 777 2036 se
788 1983 873 2036 vertit
884 2001 1024 2051 mannum,
1037 2003 1101 2039 cum
1112 1989 1277 2057 pestiferum
1293 2008 1316 2047 re

155 2055 208 2109 sibi
225 2057 346 2109 maleum
363 2054 476 2125 proprio
499 2054 589 2107 maleo
612 2053 783 2110 reincudite.
820 2053 869 2108 Set
893 2054 987 2108 divina
1014 2056 1083 2110 ultio
1110 2062 1139 2112 et
1163 2061 1277 2114 ultionis

155 2131 342 2196 augmentum,
370 2129 401 2178 ut
418 2124 500 2178 fillius
518 2127 634 2193 patrem,
661 2123 949 2193 libertuspatronum,
980 2125 1097 2182 famulus
1122 2129 1277 2200 dominum,

155 2203 203 2250 aut
230 2197 325 2265 quivis,
356 2196 392 2250 de
419 2212 473 2265 quo
500 2194 591 2248 fuerat
617 2194 723 2249 meritis
749 2196 972 2265 presumendum,
999 2197 1111 2252 iamiam
1128 2201 1216 2256 hostis
1234 2203 1276 2256 in-

154 2269 277 2335 provisus
295 2266 376 2321 feriet
394 2265 582 2320 venerandum
604 2267 732 2321 amicum.
769 2265 942 2321 Redeuntem
968 2268 1054 2337 igitur
1080 2271 1275 2344 inperatorem,

154 2339 252 2391 itinere
269 2354 319 2405 per
336 2338 480 2407 planitiem
498 2337 656 2405 intercluso,
673 2353 724 2405 per
742 2336 861 2390 abruta(1
877 2341 906 2392 et
923 2338 998 2392 invia
1010 2340 1146 2394 montium
1157 2345 1277 2399 mansire
1292 2359 1316 2401 aa

68 2424 285 2494 1167.oportuit,
313 2442 367 2494 quo
394 2443 480 2494 usque
508 2424 543 2479 ad
562 2424 727 2479 Alamanica
753 2442 839 2495 regna
856 2427 990 2494 pervenit.
1028 2416 1073 2480 lit
1096 2417 1276 2485 Lonbardi

155 2503 314 2566 fecerunt
343 2522 464 2586 pacem
490 2501 642 2565 insimul.
689 2500 735 2564 Dt
758 2503 878 2566 eodem
902 2524 993 2568 anno
1017 2504 1271 2574 Cremonense⁰

79 2581 418 2674 isggsbaptisteriumf
437 2591 507 2655 fuit
529 2590 706 2683 inceptum
733 2589 775 2654 de
799 2610 915 2656 mense
938 2593 1061 2657 Marcii
1070 2593 1093 2657 4.
1210 2608 1276 2664 Hiis

154 2674 346 2743 temporibus&
368 2672 500 2741 quidam
527 2670 667 2726 Presbrter
693 2672 803 2725 nomine
827 2672 1037 2729 Cremonensis11
1069 2679 1187 2748 electus,
1219 2681 1276 2751 qui,

154 2743 219 2797 licet
237 2745 303 2797 alias
321 2742 435 2797 scientia
452 2747 480 2797 et
498 2741 602 2796 meritis
628 2741 739 2811 dignus,
766 2747 859 2797 tamen
885 2750 1000 2814 propter
1025 2748 1124 2802 scisma
1152 2749 1275 2807 deiectus
1292 2767 1316 2808 aa

154 2814 221 2871 est‘.
257 2815 295 2868 Et
313 2819 344 2867 ut
362 2814 535 2882 adinpleatur
552 2812 626 2881 quod
643 2813 727 2883 vulgo
745 2813 774 2866 in
792 2816 943 2883 proverbiis
962 2816 1077 2872 dicitur:
1096 2819 1156 2874 ‘eui
1173 2823 1276 2877 accidit

92 2891 94 2893 ’
153 2903 221 2951 una,
248 2903 304 2939 non
332 2885 383 2939 erit
410 2885 459 2939 illa
485 2884 561 2940 sola'.
603 2883 735 2953 Sequenti
763 2901 847 2950 anno,
875 2887 979 2941 scilicet
1009 2906 1099 2943 anno
1127 2891 1276 2946 Domini

152 2955 357 3023 mmmm,
370 2955 514 3010 Ironbardi
525 2955 669 3022 coloniam,
682 2956 712 3009 id
725 2959 765 3010 est
777 2972 877 3009 novam
891 2959 1051 3013 colonorum
1065 2961 1283 3032 habitationem.

152 3028 283 3083 facientes
302 3045 363 3081 eam
382 3027 417 3081 ab
430 3026 589 3081 Alexandro
607 3043 680 3095 papa
698 3026 896 3080 Alexandriam
913 3036 1088 3088 vocaverrmt.
1119 3032 1190 3086 Allii
1202 3033 1276 3088 Givi-

153 3103 380 3166 tatem-novam,
411 3097 559 3167 Papienses
589 3113 655 3150 vero
685 3096 799 3150 Paleam
829 3115 915 3167 usque
944 3100 973 3153 iu
1002 3101 1168 3157 hodiernum
1199 3103 1276 3160 diem
1293 3119 1317 3160 so

9 3166 1059 3306 Mlti·trattiamittitis.tlt.tt⁰‘¹³⁰¹³¹³⁶¹¹iil¹.¹b
1088 3173 1276 3302 litium

126 3265 143 3297 β,
799 3281 805 3294 ι

153 3308 272 3362 Romani
290 3308 362 3361 vires
385 3311 553 3362 resumentes
570 3308 712 3362 Albanum
735 3316 962 3379 expugnaverunt
980 3317 1008 3367 et
1026 3261 1198 3384 amiradus
1217 3334 1276 3373 om-

153 3379 234 3432 nibus
260 3379 341 3431 bonis
368 3377 548 3432 incenderunt
557 3379 574 3435 ⁷.
617 3377 750 3447 Sequenti
775 3397 862 3449 anno,
887 3382 923 3435 id
945 3388 994 3437 est
1016 3384 1275 3460 nauffinna,

154 3449 249 3503 civitas
268 3448 408 3503 Cremona
434 3450 507 3518 cepit
534 3448 694 3504 muroruml
718 3451 871 3505 munimine
899 3454 980 3524 cingi.
1017 3455 1136 3510 Demum
1163 3459 1275 3517 rediens
1292 3475 1318 3515 ra

259 3621 281 3672 a)
299 3617 413 3659 Mediolafi
426 3629 446 3677 a.
487 3619 511 3670 b)
529 3629 619 3659 emensa
631 3631 688 3661 corr.
704 3618 733 3660 de
747 3631 822 3661 meme
830 3621 857 3673 (i)
871 3634 889 3662 e.
931 3624 952 3675 a)
971 3624 1100 3678 reincludit
1117 3628 1124 3667 1
1138 3634 1241 3676 meari.
1255 3643 1273 3673 e.

153 3673 290 3767 {Rupiliam-
306 3673 330 3766 ἓ.)
345 3672 441 3712 Gramen
454 3683 473 3713 a.
528 3671 546 3722 t)
559 3672 648 3721 batprm
661 3684 679 3712 a.
734 3676 758 3723 g)
771 3685 841 3724 semp
856 3677 918 3716 delet.
973 3678 998 3729 h)
1016 3679 1108 3719 cremor'r
1122 3691 1140 3720 c.
1196 3683 1213 3734 l)
1232 3694 1275 3734 aeq.

262 3866 288 3936 1)
307 3867 401 3919 Nescio
420 3882 456 3918 aa
475 3867 524 3918 laea
538 3873 562 3918 et
577 3874 696 3933 smeeale
713 3869 766 3921 icco
781 3871 812 3921 ele
825 3871 920 3923 Creme
931 3878 955 3924 et
967 3873 1121 3927 Mediolano
1131 3876 1276 3931 dearuaa

152 3939 224 3993 Area.
239 3938 358 3992 Crenaee.
372 3938 503 4005 deperditi
512 3939 643 4005 exscripti
658 3941 721 3993 siat.
753 3940 794 4004 Of.
814 3942 913 3997 Cicron.
930 3944 1064 4010 Ursperp,
1083 3945 1132 4000 SS.
1145 3947 1274 4018 XXVII,
1292 3959 1318 4000 it

148 4026 178 4076 p.
191 4012 257 4065 351:
278 4011 398 4062 castrum
410 4007 535 4060 funditus
547 4007 672 4064 diruitur.
732 4008 760 4078 2)
780 4009 928 4067 MOLXII.
942 4029 1001 4065 eam
1012 4015 1135 4069 Martiae
1146 4018 1275 4073 Ameria

153 4081 224 4144 falso
251 4081 361 4147 scripsit
385 4095 438 4147 pra
465 4077 583 4133 Manx.
610 4078 730 4144 Sieardi,
759 4084 887 4147 opinatae
910 4100 1054 4150 perperam
1083 4088 1171 4140 eedem
1200 4107 1275 4144 amre

152 4151 336 4203 Mediolanum
363 4156 469 4218 captam
495 4165 557 4214 ease,
585 4164 636 4215 que
662 4165 756 4215 pupae
784 4153 858 4217 apud
881 4154 1033 4208 Carcaaam
1059 4161 1201 4212 commissa
1227 4165 1274 4218 sii.

153 4220 180 4290 3)
203 4222 304 4274 Scilicet
322 4222 512 4275 Mediolanum.
585 4218 613 4288 4)
641 4218 684 4282 Of.
702 4221 774 4275 Ana.
794 4222 914 4279 Gramen.
932 4243 958 4292 p.
972 4228 997 4281 5.
1070 4229 1099 4297 5)
1124 4229 1198 4282 Haec
1216 4234 1274 4284 som
1333 4243 1335 4247 ’

152 4308 238 4359 capra
252 4308 282 4358 p.
295 4294 339 4358 28,
358 4293 374 4346 l.
387 4294 480 4347 6--8.
535 4290 563 4357 6)
572 4289 647 4341 Haec
662 4292 718 4341 iam
732 4307 819 4358 supra
834 4311 863 4361 p.
877 4298 918 4350 28.
936 4297 1070 4363 imitatae.
1126 4301 1153 4367 7)
1164 4302 1206 4354 De
1221 4303 1274 4355 bae
1291 4313 1320 4354 te

152 4378 183 4413 re
200 4365 257 4413 iam
273 4378 361 4429 supra
380 4364 397 4417 i.
411 4364 436 4417 6.
449 4365 474 4418 7.
493 4377 506 4412 e
525 4362 640 4414 Orontea
661 4361 782 4414 Martini
797 4366 914 4418 relatum
931 4374 976 4422 eet.
