2904 4928
238 409 273 464 50
487 406 654 462 GRONIGA
672 405 843 462 ALBERTI
860 406 911 461 Du
929 405 1102 464 BuzANIS.

141 559 295 671 &iiidie
327 588 452 653 ultimo
482 587 579 651 Iullii
590 588 610 651 1,
729 599 835 654 Eodem
863 617 934 654 anno
957 599 1029 654 cives
1051 599 1356 670 Gomtantinopolitani,

101 681 144 722 su.
155 682 201 722 aa.
210 682 229 723 1.
238 671 370 725 Alexium
388 674 563 739 tyrampnum
585 671 716 725 habentes
734 687 856 739 exosum,
875 671 1012 739 quendam
1027 670 1162 724 Iohanem
1181 677 1356 730 coronarunt.

239 741 288 796 Set
313 743 347 796 ab
373 741 474 795 eisdem
499 743 528 794 in
552 742 655 809 palatio
678 741 823 794 destitutus
848 745 896 798 est.
933 741 1015 796 Unde
1041 745 1069 795 et
1093 746 1176 796 nocte
1215 744 1356 797 roximaa

239 813 375 882 Varangis
391 812 484 865 Alexii
502 812 620 867 occissus
639 816 688 869 est.
717 811 752 866 In
771 829 825 881 quo
844 811 973 866 conflictu
990 828 1059 880 puer
1070 811 1174 866 Ysachi
1193 760 1229 866 de
1247 830 1357 868 carcere

95 892 164 934 uara
175 892 229 942 Opp.
239 884 379 938 liberatur.
470 882 603 937 Eodem
622 900 702 949 anno,
722 881 791 936 sicut
810 900 826 935 a
844 883 1015 951 plurisquea
1031 882 1157 949 traditur,
1177 882 1385 938 Tartarorumt

240 953 393 1007 dominium
411 953 520 1006 initium
538 952 666 1008 habuitb.
703 952 753 1005 Hii
771 953 844 1007 enim
863 954 914 1006 sub
932 953 1071 1007 montibus
1088 952 1171 1007 India
1197 954 1226 1007 in
1244 955 1358 1024 regione

238 1025 313 1079 dicta
331 1025 446 1077 Tartara
468 1024 617 1092 constituti,
640 1023 783 1077 dominum
802 1041 881 1076 sunm
899 1023 979 1078 Indie
998 1023 1086 1077 David
1110 1025 1232 1093 nomine,
1258 1024 1357 1079 fillium

237 1095 369 1149 Iohannis
393 1095 547 1163 presbiteri,
573 1093 734 1163 occidentes,
761 1095 796 1147 ad
815 1094 1055 1163 depopulationem
1074 1094 1203 1149 allianum
1220 1098 1358 1150 terrarum

183 1169 435 1290 ⁸¹0·processdrrlliid⁴
455 1235 568 1290 Domini
594 1233 723 1291 M00011.
769 1235 848 1289 Inter
878 1234 1093 1289 Cremonensesc
1122 1240 1150 1290 et
1181 1235 1357 1291 Placentinos
1375 1251 1398 1289 10

237 1306 313 1376 pacis
332 1307 426 1360 federa
444 1309 650 1375 conponuntur,
678 1323 732 1375 quc
758 1323 829 1359 anno
855 1307 932 1374 quasi
955 1305 1058 1359 iubileo
1081 1305 1138 1361 fere
1157 1307 1186 1359 in
1204 1311 1266 1361 tota
1284 1307 1357 1362 Lon-

238 1377 335 1432 bardia
361 1382 459 1447 treuge
485 1377 660 1431 vinculantur
686 1377 716 1430 in
742 1376 836 1432 lustro.
882 1375 917 1429 In
944 1393 998 1445 quo
1025 1376 1111 1431 lustro
1138 1378 1277 1432 maximus
1304 1378 1358 1432 fuit

236 1453 328 1502 motus
346 1448 555 1517 peregrinorum
579 1447 703 1502 euntium
728 1448 800 1500 ultra
825 1464 923 1503 marre.
958 1446 1037 1500 Inter
1059 1464 1126 1515 quos
1144 1447 1279 1503 fuerunt
1296 1466 1355 1518 pre

236 1516 1357 1660 titalitttttttdtttdtd‘’tittutttttttttttat
1374 1602 1396 1642 e

761 1629 768 1658 7

237 1661 296 1730 gati
314 1678 377 1715 cum
389 1658 503 1714 Venetis
522 1659 635 1728 apud0
651 1659 770 1713 Zadram
788 1659 968 1728 municipium
980 1658 1095 1714 Venetis
1118 1660 1200 1715 nimis
1225 1660 1356 1715 infestum

237 1731 438 1786 destruxerunt.
475 1729 586 1784 Interea
610 1748 679 1798 puer
696 1729 821 1798 Alexius,
846 1728 927 1783 fillius
952 1729 1115 1797 inperatoris
1126 1729 1245 1801 Ysacbi,
1265 1731 1356 1786 (lon-

237 1801 595 1871 stantinopolitanus
614 1801 649 1855 de
667 1817 776 1856 carcere
794 1800 926 1855 liberatus
944 1799 1065 1869 Filipum
1084 1805 1242 1871 cognatum,
1260 1819 1356 1872 regem

237 1872 397 1940 Alamanie,
425 1871 504 1940 adiit,
533 1871 688 1939 supplicans
715 1872 767 1924 sibi
794 1871 926 1925 auxilium
953 1871 1086 1940 inpertiri.
1131 1871 1216 1926 Anno
1243 1872 1357 1927 Domini

237 1941 395 1998 M⁰00111⁰.
432 1942 496 1994 Dux
515 1941 653 1997 Venetam
679 1943 817 2010 ceterique
841 1943 956 1996 barones
981 1942 1204 1996 adholescentem
1222 1943 1357 1997 Alexium
1373 1956 1397 1995 ao

237 2013 403 2067 unanimiter
430 2017 596 2066 assumentes
623 2013 658 2066 ad
684 2013 819 2067 Illirioum
846 2018 1039 2081 pervenerunt.
1078 2012 1211 2067 Intereaf
1233 2013 1357 2068 Venetos

238 2087 396 2151 ceterosque
420 2083 534 2137 Latinos
556 2082 821 2152 Gomtantinopolim
848 2087 986 2136 morantes
1012 2082 1164 2138 Grecorum
1191 2087 1220 2137 et
1244 2083 1357 2138 Maran-

238 2155 373 2210 chorona
394 2153 500 2208 desevit
522 2153 658 2220 atrocitas,
689 2170 734 2207 eos
752 2153 905 2224 inpugnans
924 2157 952 2206 et
969 2154 1103 2211 occidam.
1140 2154 1265 2224 Cumque
1284 2155 1357 2210 cives

238 2225 382 2278 ammoniti
411 2224 607 2295 legiptimum&
634 2224 776 2277 dominum
811 2224 933 2292 recipere
969 2223 1183 2295 recusantesh,
1220 2226 1356 2280 irruentes

237 2295 330 2349 Latini
354 2294 468 2350 viriliter
492 2295 588 2348 urbem
606 2293 693 2364 ipsam
712 2299 845 2363 ceperunt
862 2298 890 2348 et
908 2294 1041 2362 palatium
1059 2295 1226 2349 obsederunt
1244 2300 1274 2351 st
1292 2314 1355 2351 oon·
1373 2307 1396 2347 25

237 2365 450 2434 prehenderunt.
487 2364 605 2419 Demum
631 2369 711 2435 capta
735 2365 803 2418 urbe
829 2368 856 2418 et
874 2364 1041 2433 depopulata
1059 2369 1087 2419 et
1105 2382 1139 2419 ex
1156 2382 1203 2419 ma
1242 2371 1357 2436 aparte

239 2436 371 2491 conbusta
382 2440 542 2506 tyrampnus
555 2435 668 2504 aufugit.
698 2434 812 2489 Inachus
827 2435 987 2505 restituitur,
1006 2439 1034 2489 et
1046 2435 1162 2490 Alexim
1177 2453 1194 2490 a
1234 2438 1356 2492 olescens

131 2507 268 2564 *altoein
297 2523 391 2560 mense
420 2506 503 2560 Iullio
532 2506 562 2559 iu
592 2504 723 2560 ecclesia¹
755 2509 846 2560 sancte
876 2505 992 2574 *Sophia
1022 2506 1168 2576 magnifice
1198 2513 1355 2564 coronatur.
1379 2514 1384 2521 '

238 2576 338 2631 Postea
356 2593 420 2630 cum
439 2576 521 2630 Greci
538 2576 653 2630 Latinos
670 2575 802 2644 publicek
819 2577 925 2630 iniuriis
943 2577 1036 2630 multis
1054 2577 1237 2647 affligerent
1255 2583 1285 2633 et
1302 2580 1356 2649 pri·

238 2646 325 2701 vatim
343 2646 509 2715 occiderent,
526 2646 620 2699 Latini
638 2647 736 2700 urbem
749 2648 946 2701 conbusserunt
964 2650 992 2701 et
1009 2647 1123 2716 predam
1139 2649 1292 2703 maximam
1310 2667 1355 2703 ex.
1373 2661 1396 2700 so

239 2721 425 2787 portaverunt.
461 2716 508 2770 Ad
532 2717 583 2770 hec
608 2732 671 2770 cum
688 2720 849 2786 tyrampnus
867 2719 902 2770 in
920 2717 1134 2787 Andriucpolim
1152 2736 1182 2773 se
1199 2721 1355 2790 recepisset,

240 2788 380 2857 inperator
397 2787 552 2841 Alexius
577 2787 818 2842 adholescens
844 2788 960 2842 collecto
986 2790 1107 2843 exercitu
1125 2807 1188 2844 cnm
1205 2790 1356 2845 baronibus

240 2876 303 2913 eum
322 2859 429 2928 fugavit
447 2861 475 2912 et
493 2857 621 2912 Traciam
639 2858 691 2912 sibi
709 2858 872 2929 subiugavit.
904 2858 954 2912 Set
972 2877 1034 2913 cum
1051 2859 1229 2930 peregrinisl
1248 2861 1356 2932 magnis

239 2929 433 2984 remunerandi
444 2928 582 2998 promissis
593 2929 826 2984 benei'ficiorumm
838 2929 962 2999 ingratus
979 2930 1107 2998 instaret,
1126 2931 1198 2984 clam
1217 2935 1246 2986 et
1262 2933 1356 3002 palam

239 2999 410 3056 benefficiisn
426 3001 592 3057 adversatur.
627 2999 718 3070 Igitur
742 3009 838 3054 oum0
858 2999 931 3053 inter
947 2999 1061 3054 Latinos
1087 3005 1121 3054 et
1139 2999 1276 3056 Grecos
1301 3004 1356 3057 zin-
1373 3012 1397 3053 ss

238 3071 343 3125 zanfisa
364 3072 503 3125 seminatis
521 3070 611 3139 Greci,
635 3070 768 3125 babentes
793 3071 1041 3139 inperatorem
1068 3087 1189 3139 exosum,
1217 3075 1356 3141 quendam

239 3141 448 3196 Constantinum
459 3143 643 3212 inperatorem
660 3141 674 3194 f
678 3158 695 3194 a
702 3141 786 3209 ciunt,
800 3142 918 3211 populus
930 3145 1022 3196 autem
1034 3141 1166 3195 Alexium
1178 3141 1357 3198 Muraifluum

239 3213 389 3268 coronavit.
434 3212 469 3265 In
495 3230 551 3281 qua
577 3210 753 3266 contentione
779 3216 926 3280 prepotens
952 3213 1006 3266 fuit
1032 3212 1148 3267 Alexius
1175 3212 1355 3271 Murzufluus.

239 3282 355 3336 Alexim
373 3299 439 3336 vero
458 3281 641 3349 adholescens,
667 3299 730 3336 cum
748 3282 796 3335 vix
820 3286 926 3351 septem
944 3283 1082 3337 mensibus
1100 3288 1248 3354 regnasset,
1273 3284 1355 3338 suffo-

240 3356 326 3408 catur.
371 3351 486 3406 Isachus
514 3368 600 3407 vero
630 3356 710 3420 pater
740 3352 798 3405 eius
827 3353 951 3410 moritur.
1000 3354 1154 3408 Alexius
1184 3353 1356 3408 Murautluus
1372 3364 1398 3402 4⁰

238 3428 393 3492 tyrapnusa
410 3440 426 3475 a
442 3421 593 3492 peregrinis
605 3422 640 3476 de
656 3423 792 3476 solutione
803 3440 865 3492 rep
873 3425 1007 3478 entitusl)
1020 3425 1126 3479 solvere
1138 3424 1355 3492 deiicereta.

239 3494 414 3564 Quapropter
426 3492 527 3549 Veneti
544 3493 660 3562 paritter
684 3497 712 3547 et
734 3493 872 3564 peregrini
897 3495 1064 3549 unanimiter
1089 3495 1268 3564 agrediunt⁸,
1296 3496 1356 3551 uni·

239 3581 346 3620 versam
365 3565 506 3635 regionem
533 3565 561 3617 iu
590 3563 706 3618 circuitu
724 3563 914 3633 depopulanta
940 3569 968 3619 et
994 3565 1188 3633 Murzutlunm,
1216 3565 1284 3620 dum
1312 3566 1356 3621 die

240 3634 356 3707 quadam
369 3636 398 3689 in
409 3635 559 3690 nemorosis
571 3635 670 3688 lateret
682 3634 793 3704 insidiis,
809 3635 982 3704 iniugantr,
1000 3635 1113 3690 fratrem
1126 3637 1183 3690 eius
1196 3639 1225 3690 et
1235 3637 1356 3693 vexilum

346 3813 367 3864 a)
381 3813 412 3853 sio
425 3825 443 3853 r.
504 3812 528 3863 b)
542 3812 634 3852 Initium
648 3812 794 3852 'remanorum
808 3811 902 3853 dominii
915 3814 939 3852 tn
952 3824 1022 3862 marg.
1070 3813 1091 3865 e)
1106 3809 1197 3854 cremon
1210 3825 1228 3855 c.
1275 3812 1299 3867 tl)
1314 3820 1355 3865 παρ’.
1373 3815 1398 3856 tt

238 3865 320 3906 bleben
338 3867 398 3908 dalet.
466 3865 486 3916 e)
507 3862 568 3914 apud
586 3866 705 3904 dcundum.
773 3866 790 3915 t)
813 3867 889 3914 supple
906 3866 937 3906 in.
1006 3865 1029 3917 g)
1048 3867 1166 3916 legttptmfi
1183 3877 1203 3907 e.
1268 3868 1292 3920 b)
1313 3869 1357 3917 lm

239 3923 378 3959 recusarent.
433 3918 449 3968 i)
465 3917 500 3958 ea’
515 3929 534 3957 c.
588 3916 613 3968 k)
630 3918 726 3967 pubbtoe
741 3920 806 3965 (corr.
821 3919 921 3968 publice)
937 3930 954 3960 c.
1000 3920 1018 3971 l)
1031 3919 1145 3969 peregrini
1159 3921 1201 3960 Sic.
1256 3922 1287 3972 m)
1305 3925 1356 3960 notu

239 3972 348 4011 lectionem
360 3971 441 4011 rodida
455 3972 466 4010 1
481 3971 579 4018 sturmi,-
599 3971 717 4020 instarent,
732 3971 807 4010 benet.
821 3972 879 4020 ingr.
894 3972 935 4015 Sic.
1015 3974 1039 4025 n)
1059 3974 1092 4012 atr
1112 3984 1159 4012 oum
1177 3974 1277 4013 omnibus
1293 3975 1354 4013 codd.

239 4024 341 4064 oronnae
359 4024 494 4064 sicardum.
562 4022 585 4075 o)
604 4025 664 4063 inter
682 4034 734 4064 eum
753 4029 776 4063 et
793 4025 842 4068 Lat.
861 4025 903 4065 Sic.
971 4025 995 4077 p>
1016 4027 1061 4075 lege
1078 4027 1201 4075 impetitus.
1268 4028 1291 4076 q)
1313 4027 1356 4076 lero

239 4074 356 4118 diffitetur.
410 4078 430 4128 r)
445 4077 489 4126 lega
502 4076 610 4124 effugant.
1371 4079 1394 4120 bd

347 4215 373 4286 1)
392 4216 492 4268 Locum
510 4234 528 4268 a
543 4216 641 4285 Campo
658 4232 692 4269 aa
709 4218 802 4270 iudom
814 4218 888 4270 Ana.
902 4218 1021 4272 Oremon.
1034 4219 1178 4285 deperdim
1192 4221 1355 4287 coemptum

239 4287 297 4339 ride
315 4287 362 4341 SS.
381 4287 490 4353 XXXI,
510 4304 541 4354 p.
554 4290 597 4353 11,
621 4304 648 4343 a.
662 4291 695 4355 43
722 4289 759 4352 cf.
779 4288 833 4343 Iac.
852 4287 995 4341 Molestius
1010 4289 1073 4355 VII,
1086 4291 1130 4355 82,
1149 4289 1166 4344 l.
1185 4290 1212 4356 l,
1237 4291 1286 4342 ubi
1308 4290 1354 4342 hoo

235 4357 371 4424 proelium
389 4373 483 4411 mense
500 4356 623 4411 Ianuarii
641 4361 809 4412 commissum
826 4373 880 4412 essa
897 4360 1004 4414 dicitur.
