2904 4928
409 430 577 489 ORONIOA
595 432 766 488 ALBERTI
783 432 834 487 me
851 432 1026 490 BEZANIS.
1238 439 1274 491 63

270 613 367 678 Anno
391 635 472 680 vero
502 615 710 698 supradicto,
742 615 874 679 scilicet
897 614 1194 694 M⁰OOLXXXI¹‚
1225 618 1273 680 in·
1284 626 1361 679 1282.

191 701 312 767 dictione
339 696 401 778 X²‚
433 703 488 768 die
512 703 655 768 Veneris
684 703 875 787 penultimo
905 704 1060 767 Ianuarii
1090 706 1269 769 dominusa
1283 730 1376 770 naar.

190 788 285 855 Bosiua
312 791 356 856 de
379 791 539 869 Dovaria,
571 792 654 856 civis
684 795 720 856 et
749 791 889 856 nobillia
920 792 1071 857 civitatis
1095 792 1272 873 Cremona,

190 879 233 959 qni
261 881 331 945 erat
369 874 590 964 capitaneusb
626 879 904 957 Guibelinorum,
947 880 1026 963 qui⁰
1070 881 1274 946 dicebantur

96 936 102 1047 )
167 964 401 1046 aironchaeufi,
432 968 523 1033 dicte
554 969 705 1033 civitatis
736 972 771 1034 et
800 969 961 1052 expulsus
991 990 1012 1033 a
1035 968 1214 1033 dominatu
1238 974 1273 1035 et

96 1050 100 1123 3
187 1055 325 1138 regimine
348 1056 441 1121 dicte
465 1056 615 1122 civitatis
639 1078 700 1141 per
723 1061 857 1140 partem
880 1056 1053 1133 Gueliam,
1084 1079 1150 1140 que
1174 1079 1273 1141 appe-

96 1174 99 1181 ·
186 1141 300 1209 labatur
321 1165 400 1229 para
424 1144 598 1229 Oapelcta‚
622 1146 766 1209 intravit
791 1149 941 1209 castrum
965 1146 1106 1210 Soncini
1129 1146 1273 1211 diocesis

187 1230 256 1297 dicte
283 1232 448 1309 civitatis,
479 1234 629 1317 expulsis
658 1234 739 1298 inde
769 1234 852 1298 totis
883 1233 1024 1299 Guelfia
1077 1234 1123 1298 Et
1153 1236 1274 1299 eodem

185 1315 362 1386 millesimo‘¹
390 1321 446 1386 dic
478 1322 575 1387 Lune
611 1322 760 1387 secundo
795 1322 911 1387 Febr.²
944 1322 1088 1386 intravit
1123 1327 1273 1387 castrum
1283 1348 1346 1388 aar.
1357 1349 1377 1387 a

156 1404 354 1494 uRomenghi
377 1409 469 1474 dicte
493 1410 637 1475 diocesis
656 1413 692 1475 et
714 1411 800 1475 fecit
819 1411 1001 1474 maximam
1020 1431 1179 1492 guerram
1202 1432 1273 1494 pre·

96 1518 98 1525 ·
184 1495 254 1563 dicte
283 1496 460 1563 Cremona.
590 1500 692 1562 Anno
723 1520 804 1563 vero
834 1498 1128 1563 M⁰OOLXXXIL
1160 1499 1273 1565 dictus

96 1608 98 1637 :
183 1583 340 1650 dominus*
360 1586 482 1652 Bosius
506 1587 667 1671 expulsus
690 1588 760 1650 fuit
790 1589 832 1652 de
857 1587 959 1651 dictis
983 1588 1134 1664 caetris³‚
1167 1591 1202 1652 et
1225 1588 1273 1652 sic
1284 1613 1349 1660 (aaa.
1357 1613 1405 1660 11).

96 1706 99 1765 ζ
182 1672 256 1739 dicta
284 1679 397 1739 caetra
430 1678 599 1740 venerunt
634 1677 678 1740 ad
713 1677 877 1740 mandata
912 1677 1065 1740 comunis
1096 1674 1273 1741 Cremona

96 1814 98 1831 ,
180 1758 214 1824 ut
231 1763 276 1828 aio
300 1763 491 1828 dominium
509 1764 660 1828 civitatis
677 1762 844 1829 Cremona
867 1764 1032 1828 remansit
1055 1765 1092 1827 in
1115 1765 1274 1829 manibus

151 1866 168 1907 u
180 1846 364 1916 Guelforum
383 1850 549 1916 Oremone
564 1872 672 1935 usque
691 1853 736 1916 ad
755 1852 943 1917 adventum
959 1852 1111 1916 domini⁸
1131 1853 1274 1917 Henrici

178 1936 374 2023 inperatoria.
408 1941 510 2004 Anno
526 1961 607 2005 vcro
623 1941 821 2023 supradicto
838 1939 922 2005 Otto
939 1941 981 2005 de
994 1941 1272 2017 Vicecomitibus,
1284 1949 1361 2002 1283.

178 2027 244 2092 civis
265 2032 302 2093 et
325 2027 451 2092 nobilia
475 2028 626 2093 civitatis
648 2029 847 2106 Mediolani,
878 2030 993 2093 facins
1015 2030 1085 2093 fuit
1109 2030 1274 2112 archiepi-

176 2133 282 2201 scopus
306 2117 399 2181 dicte
423 2117 573 2181 civitatis
583 2117 605 2194 ⁴,
630 2118 690 2200 qui
712 2117 782 2181 fuit
806 2118 1014 2201 principium
1036 2119 1145 2181 totius
1169 2118 1274 2181 domi-

175 2205 310 2269 nationis
332 2205 473 2269 illorum
498 2205 540 2270 de
564 2226 626 2269 aua
649 2206 821 2290 progenie,
847 2207 905 2288 qui
929 2206 1091 2290 migravit
1114 2227 1134 2269 a
1157 2207 1273 2271 seculo

145 2309 250 2359 nanno
273 2293 436 2358 Domini⁸
455 2293 819 2358 M⁰OOLXXXXI⁰·⁵.
1285 2304 1362 2358 1295.

263 2410 403 2481 'Anno‘
432 2417 475 2481 ab
510 2418 747 2483 incarnatione
777 2417 919 2483 Domini
947 2407 1382 2516 M⁰00⁰Lxxxvaffigg¹²

174 2496 346 2587 [nannoni
372 2505 428 2571 die
459 2501 611 2589 Aprillis]
644 2506 820 2571 Honorius
850 2507 960 2570 ΠΙΓ18
994 2529 1097 2591 papa,
1133 2508 1274 2571 natione
1284 2533 1340 2580 apr.
1351 2502 1371 2571 ἑ.

172 2590 334 2658 Romanus
355 2587 426 2677 [dei
450 2593 551 2658 domo
572 2595 796 2672 Sabellorum
817 2596 929 2660 dictus
948 2595 1096 2660 Iacobus
1115 2590 1274 2677 Sabella],

173 2700 205 2745 ex
233 2687 333 2767 patre
369 2727 510 2745 .....
514 2676 545 2758 ¹¹,
583 2678 750 2767 [eligitur¹
781 2685 818 2747 in
840 2684 991 2761 Perusia
1017 2679 1086 2768 qui]
1112 2684 1275 2749 successit

143 2767 313 2835 turrano
336 2789 425 2854 pape
448 2774 572 2852 quarto
595 2771 755 2856 inperiali
776 2774 856 2836 sede
875 2776 1030 2849 vacante,
1055 2774 1114 2856 qui
1136 2772 1274 2856 proprio

172 2859 298 2923 nomine
330 2858 520 2923 vocabatur
551 2905 692 2922 .....
696 2854 727 2936 ¹¹,
760 2860 849 2924 sedit
872 2860 980 2924 Rome
1009 2862 1046 2923 in
1070 2861 1275 2943 pontificatu

173 2948 258 3012 annia
284 2942 376 3030 [HQ
401 2948 436 3012 et
459 2947 604 3012 cessavit
628 2950 775 3032 papatus
798 2968 842 3008 m.
863 2947 897 3009 X
921 2949 957 3010 et
980 2947 1011 3010 d.
1032 2942 1138 3026 11⁶]n.

266 3147 288 3199 a)
311 3143 350 3186 ,(1.
367 3157 385 3186 e.
447 3146 469 3194 b)
492 3145 533 3194 aas)
547 3157 564 3187 e.
626 3147 645 3194 a)
665 3145 703 3193 qul
717 3144 761 3186 dic.
776 3143 873 3184 Troneh.
888 3143 962 3182 atattm
976 3143 1003 3181 at
1017 3142 1067 3182 Ale.
1082 3143 1106 3181 tn
1118 3153 1188 3191 mara.
1203 3143 1275 3181 eodem

172 3201 280 3239 arnam
293 3200 367 3249 suppl.
412 3195 436 3249 (1)
450 3197 483 3237 110
495 3210 514 3238 e.
565 3199 585 3251 a)
599 3199 682 3248 reliquo
691 3209 750 3247 pare
762 3199 834 3236 mnan
842 3198 939 3245 paatnae
953 3196 999 3236 180.
1014 3207 1087 3236 cerm
1100 3200 1119 3235 et
1129 3196 1213 3246 pacina
1226 3196 1274 3235 181.

141 3242 160 3285 1]
172 3255 219 3291 tene
230 3256 317 3293 meam.
371 3251 389 3303 1)
405 3252 478 3291 ittera
491 3251 512 3290 Δ
525 3252 592 3290 mtnto
606 3252 726 3300 supplenda
739 3252 803 3290 decet.
858 3250 879 3302 a)
894 3251 913 3290 V
928 3250 974 3288 alio
988 3253 1106 3289 atramento
1119 3250 1143 3288 in
1157 3250 1202 3288 loeo
1216 3259 1274 3298 rato,

171 3302 238 3356 inquo
246 3307 319 3356 plura
331 3305 344 3343 1
356 3305 438 3353 certate
455 3308 517 3344 erant
530 3304 759 3356 (MOOLXXXIIII'I).
823 3303 846 3352 h)
868 3303 930 3342 unco
947 3303 1033 3342 inclusa
1050 3304 1094 3343 attio
1112 3307 1231 3342 atramento
1249 3303 1276 3341 ab

171 3356 212 3398 Ala.
224 3359 248 3397 tn
260 3368 332 3407 mom.
346 3367 417 3406 cupa.
433 3359 504 3407 euml.
548 3359 563 3406 i)
578 3359 639 3397 uncte
652 3359 737 3398 inciaco
746 3360 797 3405 poa
810 3357 867 3402 (alia
880 3356 972 3405 manni)
987 3357 1010 3395 in
1023 3367 1094 3406 maro.
1107 3357 1189 3406 capnt,
1203 3355 1276 3396 dictus

171 3407 209 3451 lec.
221 3410 273 3453 seb.
283 3411 395 3460 pomae
413 3421 477 3460 cumn
492 3411 520 3450 de
537 3411 602 3450 domo
617 3411 669 3453 sab.
684 3412 767 3450 addita
821 3410 845 3459 k)
866 3410 960 3458 epatium
978 3410 1060 3449 nemtnt
1076 3411 1189 3449 tneor-endo
1208 3412 1275 3448 vacat.

171 3459 258 3512 Ducis
270 3464 357 3504 tneiuen
368 3463 414 3503 atto
428 3467 547 3503 atramento
563 3464 590 3502 ab
604 3464 655 3504 Ale.
669 3464 693 3502 tn
706 3475 776 3512 mara.
790 3463 861 3510 auant.
943 3462 974 3513 m)
995 3463 1018 3501 11
1032 3466 1055 3503 et
1068 3473 1124 3504 cera
1140 3485 1165 3493 -
1180 3463 1201 3502 d.
1216 3462 1240 3500 ΙΙ
1254 3463 1277 3500 tn

141 3504 160 3548 11
171 3515 260 3557 telem
271 3516 299 3557 ab
313 3516 365 3558 Ata.
375 3520 428 3565 aaa
440 3517 512 3565 suppl.
564 3516 588 3568 n)
602 3521 655 3565 poet
667 3517 720 3556 haee
733 3521 778 3557 oeta
791 3517 837 3564 sere
850 3525 924 3554 meur
937 3520 1021 3554 vacam.

268 3685 298 3752 1)
319 3685 353 3739 Α.
368 3685 445 3740 1282.
464 3685 606 3737 ammam
630 3691 751 3737 noctram
768 3684 994 3749 amputationem,
1018 3682 1064 3733 aad
1081 3697 1154 3735 more
1174 3682 1277 3735 Oremo-

171 3755 239 3807 nensi
261 3757 332 3808 anni
355 3757 464 3807 initiam
483 3771 500 3806 a
519 3756 603 3808 Mart.
622 3758 665 3810 25.
684 3755 842 3819 fetabatur,
867 3768 926 3804 oum
950 3767 1000 3818 qno
1023 3768 1095 3804 anno
1112 3753 1223 3805 indictio
1240 3753 1275 3808 X.

172 3828 287 3881 meni.
332 3825 375 3890 Of.
394 3825 465 3880 Ann.
484 3824 601 3879 Placent.
622 3824 690 3891 eia,
714 3825 761 3878 SS.
781 3824 893 3889 XVIII,
906 3839 936 3888 p.
950 3824 1016 3890 5743
1042 3824 1115 3877 Ann.
1133 3824 1227 3877 Veron.
1246 3825 1277 3875 de

171 3891 293 3964 anano,
307 3896 429 3948 ‘Antiehe
441 3897 578 3949 Cronoche
590 3895 725 3948 Venoneci’
738 3896 762 3959 Ι,
776 3911 806 3961 p.
819 3896 880 3948 424.
935 3895 963 3961 2)
984 3894 1035 3944 Die
1047 3893 1148 3946 Martia
1160 3898 1184 3948 3.
1198 3895 1276 3948 Febr.

139 3961 212 4017 ata
234 3969 339 4033 saetam
362 3982 416 4019 eece
440 3968 553 4019 tradant
575 3968 647 4020 Ana.
672 3966 787 4019 Placent.
809 3964 868 4018 Gib.
888 3965 905 4016 l.
924 3965 942 4018 l.
961 3969 985 4014 et
1008 3964 1078 4016 tuno
1104 3966 1173 4017 diem
1197 3967 1277 4016 etiam

171 4036 235 4093 Ana.
261 4038 356 4092 Pam.
379 4039 452 4105 mai,
482 4037 529 4092 SS.
548 4038 660 4102 XVIII,
682 4054 712 4103 p.
732 4038 793 4102 692,
820 4035 869 4086 nbi
894 4051 1022 4086 numana
1048 4037 1102 4088 diei
1127 4041 1276 4102 corruptae,

172 4102 261 4161 tecm
277 4108 410 4162 videntia.
490 4107 518 4178 3)
539 4109 582 4172 Cf.
601 4110 672 4163 Ann.
690 4108 806 4162 Placent.
828 4105 887 4159 (itt.
907 4107 924 4157 l.
944 4106 979 4166 l.,·
997 4106 1145 4158 Satimbene
1163 4107 1275 4172 fi4220,

172 4174 212 4234 SS.
230 4178 360 4244 XXXII,
375 4195 404 4246 p.
417 4180 483 4246 511;
507 4180 579 4233 Ana.
598 4178 691 4233 Parm.
709 4179 773 4232 moi.
787 4194 818 4243 p.
831 4178 893 4232 694.
963 4175 992 4242 4)
1013 4175 1141 4227 Hieram
1159 4193 1184 4230 o.
1199 4178 1276 4231 1263.

173 4249 383 4317 inanfantiam
399 4255 512 4314 mentua
538 4265 564 4304 a.
578 4251 655 4304 1283.
673 4251 778 4301 ineante
803 4247 923 4299 dominic
939 4247 1054 4298 civitati-a
1072 4247 1278 4298 Mediolanenn'e

138 4325 159 4368 a
169 4322 263 4438 {idm
285 4325 333 4375 ea.
406 4319 433 4389 ὅ)
461 4320 530 4373 Obiit
547 4321 652 4371 aarum
669 4335 694 4377 a.
708 4321 785 4375 1295.
804 4319 875 4383 Auo.
887 4318 914 4372 8.
985 4314 1013 4385 6)
1038 4315 1100 4370 Non
1124 4320 1191 4369 recti
1214 4321 1278 4369 aunt

149 4408 151 4412 ·
210 4407 326 4446 nument.
